<!DOCTYPE html>
<html lang="pl-PL">
 <head id="Head">
  <meta content="text/html; charset=utf-8" http-equiv="Content-Type"/>
  <title>
   Drogeria Rossmann - kosmetyki online, perfumy sklep, porady, drogeria internetowa
  </title>
  <meta content="Drogeria Rossmann - drogeria internetowa i sklep, kosmetyki, bogaty zbiór artykułów o zdrowiu i urodzie, testy, forum dla rodziców. Zapraszamy." id="MetaDescription" name="DESCRIPTION"/>
  <meta content="INDEX, FOLLOW" id="MetaRobots" name="ROBOTS"/>
  <meta content="width=device-width, initial-scale=1" name="viewport"/>
  <link href="/Portals/_default/default.css?cdv=971" media="all" rel="stylesheet" type="text/css"/>
  <link href="/DesktopModules/HTML/module.css?cdv=971" media="all" rel="stylesheet" type="text/css"/>
  <link href="/Portals/_default/Containers/Cavalier/container.css?cdv=971" media="all" rel="stylesheet" type="text/css"/>
  <link href="/Portals/0/portal.css?cdv=971" media="all" rel="stylesheet" type="text/css"/>
  <script src="/Resources/libraries/jQuery/01_09_01/jquery.js?cdv=971" type="text/javascript">
  </script>
  <script src="/Resources/libraries/jQuery-Migrate/01_02_01/jquery-migrate.js?cdv=971" type="text/javascript">
  </script>
  <script src="/Resources/libraries/jQuery-UI/01_10_03/jquery-ui.js?cdv=971" type="text/javascript">
  </script>
  <script type="text/javascript">
   //<![CDATA[
    var analytics_page_startTime = (new Date()).getTime();
//]]>
  </script>
  <!-- Smart App Banner Plugin Meta-->
  <meta content="app-id=791525539" name="apple-itunes-app"/>
  <meta content="app-id=pl.com.rossmann.centauros" name="google-play-app"/>
  <meta content="app-id=windows" name="msApplication-ID"/>
  <!-- Main CSS -->
  <link href="/Resources/Rossmann/styles/style.css?v=20171102" rel="stylesheet"/>
  <link href="/Resources/Rossmann/styles/ross.css?v=17-11-15" rel="stylesheet"/>
  <link href="/Resources/Rossmann/styles/jquery.fancybox.css" rel="stylesheet"/>
  <link href="/Resources/Rossmann/styles/bootstrap-datetimepicker.min.css" rel="stylesheet"/>
  <link href="/Resources/Rossmann/styles/toastr.min.css" rel="stylesheet"/>
  <link href="/Resources/Rossmann/css/footernav.css?v=20171101" rel="stylesheet"/>
  <!-- Categories -->
  <link href="/Resources/Rossmann/styles/category-aside.css?v=20170823" rel="stylesheet" type="text/css"/>
  <script src="/Resources/Rossmann/js/tinysort.min.js">
  </script>
  <!-- Smart App Banner Plugin-->
  <link href="/Resources/Rossmann/styles/smart-app-banner.css?v=18-12-2017" media="screen" rel="stylesheet" type="text/css"/>
  <script src="/Resources/Rossmann/js/smart-app-banner.js">
  </script>
  <!-- jQuery -->
  <!--<script src="https://ajax.googleapis.com/ajax/libs/jquery/1.11.2/jquery.min.js"></script>-->
  <!-- include JS -->
  <script src="//oss.maxcdn.com/html5shiv/3.7.2/html5shiv.min.js">
  </script>
  <script src="//oss.maxcdn.com/respond/1.4.2/respond.min.js">
  </script>
  <script src="/Resources/Rossmann/js/ls-client.min.js">
  </script>
  <script src="/Resources/Rossmann/js/bootstrap.min.js">
  </script>
  <script src="/Resources/Rossmann/js/bootbox.min.js">
  </script>
  <script src="/Resources/Rossmann/js/classie.js">
  </script>
  <script src="/Resources/Rossmann/js/jquery.matchHeight-min.js">
  </script>
  <script src="/Resources/Rossmann/js/jquery.magnific-popup.min.js">
  </script>
  <script src="/Resources/Rossmann/js/jquery.touchSwipe.min.js">
  </script>
  <script src="/Resources/Rossmann/js/jquery.videoBG.js">
  </script>
  <script src="/Resources/Rossmann/js/jquery.scrollTo.min.js">
  </script>
  <script src="/Resources/Rossmann/js/stellar.js">
  </script>
  <script src="/Resources/Rossmann/js/responsive-tabs.js">
  </script>
  <script src="/Resources/Rossmann/js/jquery.kinetic.min.js">
  </script>
  <script src="/Resources/Rossmann/js/jquery.rotate.js">
  </script>
  <script src="/Resources/Rossmann/js/jquery.fancybox.pack.js">
  </script>
  <script src="/Resources/Rossmann/js/masonry.pkgd.min.js">
  </script>
  <script src="/Resources/Rossmann/js/responsive-accordion.min.js">
  </script>
  <script src="/Resources/Rossmann/js/jquery.disablescroll.min.js">
  </script>
  <script src="/Resources/Rossmann/js/jquery.rateit.rossmannCustom.js">
  </script>
  <script src="/Resources/Rossmann/js/moment.js">
  </script>
  <script src="/Resources/Rossmann/js/moment-pl.js">
  </script>
  <script src="/Resources/Rossmann/js/bootstrap-datetimepicker.min.js">
  </script>
  <script src="/Resources/Rossmann/js/toastr.min.js">
  </script>
  <script src="/Resources/Rossmann/js/jsglobal.js?v=20171101">
  </script>
  <!-- our JS -->
  <script language="javascript" type="text/javascript">
   $(document).ready(function(){
	        $(".DnnModule").closest('.firma_left').removeClass().addClass("firma_left");
	        $(".DnnModule").closest('.firma_right').removeClass().addClass("firma_right");
	    });
  </script>
  <script src="/Resources/Rossmann/js/app.js?v=20170404">
  </script>
  <script>
   var isAuthenticated = false;
	    var userId = -1;
	    var webApiBaseAddress = '//api.rossmann.pl';
	    var isHttpsEnabled = true;
	    var crossLocalStorageHubUrl = 'https://www.rossmann.pl/ls-hub.html';
	    var facebookAppId = '1687043254917136';
        var geoLocationEnabled = 'true'
  </script>
  <script src="/Resources/Rossmann/js/fastclick.js">
  </script>
  <script>
   if ('addEventListener' in document) {
	        document.addEventListener('DOMContentLoaded', function() {
	            FastClick.attach(document.body);
	        }, false);
	    }
  </script>
  <script src="/Resources/Rossmann/js/jquery.xdomainrequest.min.js">
  </script>
  <script src="/Resources/Rossmann/js/underscore.js">
  </script>
  <script src="/Resources/Rossmann/js/bluebird.js?v=21-03-16">
  </script>
  <script src="/Resources/Rossmann/js/knockout.js">
  </script>
  <script src="/Resources/Rossmann/js/knockout.validation.min.js">
  </script>
  <script src="/Resources/Rossmann/js/knockout-validation.pl-PL.js">
  </script>
  <script src="/Resources/Rossmann/js/lscache.js">
  </script>
  <script src="/Resources/Rossmann/js/knockout.mapping.js">
  </script>
  <script src="/Resources/Rossmann/js/jquery.cookie.js">
  </script>
  <script src="/Resources/Rossmann/js/jquery.lazyload.js">
  </script>
  <script src="/Resources/Rossmann/js/native.history.js">
  </script>
  <script src="/Resources/Rossmann/js/modernizr-custom.js">
  </script>
  <script src="/Resources/Rossmann/js/flickity.pkgd.min.js">
  </script>
  <script src="/Resources/Rossmann/js/flickity-imagesloaded.js">
  </script>
  <script src="/DesktopModules/RossmannV4Modules/SharedJs/Js/bundle.js?v=20180528">
  </script>
  <meta content="lhqAMZNLGUK1_8JAIxAmML2LcesvTy-W8iLma3eNrc8" name="google-site-verification"/>
  <script>
   $(window).load(function() {
$('.videoBG video').attr('loop', 'loop');
});
  </script>
  <style>
   .rossmannplnew .mainslider .gallery-cell .slider-video .text a.btn {margin-bottom:20px;}
  </style>
  <link href="/Portals/0/favicon.ico?ver=2015-08-24-151616-387" rel="SHORTCUT ICON" type="image/x-icon"/>
 </head>
 <body class="cbp-spmenu-push" id="Body">
  <!-- Google Tag Manager -->
  <noscript>
   <iframe height="0" src="//www.googletagmanager.com/ns.html?id=GTM-58X2PS" style="display:none;visibility:hidden" width="0">
   </iframe>
  </noscript>
  <script>
   (function(w,d,s,l,i){w[l]=w[l]||[];w[l].push({'gtm.start':
	new Date().getTime(),event:'gtm.js'});var f=d.getElementsByTagName(s)[0],
	j=d.createElement(s),dl=l!='dataLayer'?'&l='+l:'';j.async=true;j.src=
	'//www.googletagmanager.com/gtm.js?id='+i+dl;f.parentNode.insertBefore(j,f);
})(window,document,'script','dataLayer','GTM-58X2PS');
  </script>
  <!-- End Google Tag Manager -->
  <script>
   (function(i,s,o,g,r,a,m){i['GoogleAnalyticsObject']=r;i[r]=i[r]||function(){
            (i[r].q=i[r].q||[]).push(arguments)},i[r].l=1*new Date();a=s.createElement(o),
            m=s.getElementsByTagName(o)[0];a.async=1;a.src=g;m.parentNode.insertBefore(a,m)
        })(window,document,'script','//www.google-analytics.com/analytics.js','ga');
        ga('create', 'UA-67907752-1', 'auto');
        ga('require', 'displayfeatures');
        ga('create', 'UA-3986160-1', 'auto', {'name': 'rossnet'});
        ga('rossnet.require', 'displayfeatures');
        ga('send', 'pageview');
        ga('rossnet.send', 'pageview');
  </script>
  <script>
   // Initialize Smart App Banner
        new SmartBanner({
            daysHidden: 180, // days to hide banner after close button is clicked (defaults to 15)
            daysReminder: 180, // days to hide banner after "VIEW" button is clicked (defaults to 90)
            appStoreLanguage: 'pl', // language code for the App Store (defaults to user's browser language)
            title: 'Jeszcze wygodniejsze',
            author: 'zakupy w nowej aplikacji',
            button: 'Otwórz',
            store: {
                ios: 'Zainstaluj i dołącz do Klubu',
                android: 'Zainstaluj i dołącz do Klubu',
                windows: 'Zainstaluj i dołącz do Klubu'
            },
            price: {
                ios: '',
                android: '',
                windows: ''
            },
            icon: '/Resources/Rossmann/img/logo-app.png'
            //, force: 'windows' // Uncomment for platform emulation, possibie value: ios, android, windows
        });
  </script>
  <form action="/" class="cbp-spmenu-push" enctype="multipart/form-data" id="Form" method="post">
   <div class="aspNetHidden">
    <input id="StylesheetManager_TSSM" name="StylesheetManager_TSSM" type="hidden" value=""/>
    <input id="ScriptManager_TSM" name="ScriptManager_TSM" type="hidden" value=""/>
    <input id="__VIEWSTATE" name="__VIEWSTATE" type="hidden" value="+HnMbroT+9VAChjIGxiH5EbJrYA8XVlvg/NatMI7u52WftXIz0YuuKgJyVtYgI3bnYbO+QrBopch5LxlyJLF5mo4RVYlHmVjpeXfeIu4XlTMvYpeR2c4d/fADfRsq6j4A4t6jD2AeSGImF3ldtx+fBMlATlGkZYGzARWAiPeQOIm51TfD0ms4KvXtS2WPdUaq2C2KCzjeJunxgrPRdl2BqheDgn7HcrTbxtJPWXZSem9k9OZ5K82IARgAXcfDGvsz/7KvTAxb8j7t5ZeY879VBdeuSo="/>
   </div>
   <script type="text/javascript">
    //<![CDATA[
var __cultureInfo = {"name":"pl-PL","numberFormat":{"CurrencyDecimalDigits":2,"CurrencyDecimalSeparator":",","IsReadOnly":false,"CurrencyGroupSizes":[3],"NumberGroupSizes":[3],"PercentGroupSizes":[3],"CurrencyGroupSeparator":" ","CurrencySymbol":"zł","NaNSymbol":"nie jest liczbą","CurrencyNegativePattern":8,"NumberNegativePattern":1,"PercentPositivePattern":1,"PercentNegativePattern":1,"NegativeInfinitySymbol":"-nieskończoność","NegativeSign":"-","NumberDecimalDigits":2,"NumberDecimalSeparator":",","NumberGroupSeparator":" ","CurrencyPositivePattern":3,"PositiveInfinitySymbol":"+nieskończoność","PositiveSign":"+","PercentDecimalDigits":2,"PercentDecimalSeparator":",","PercentGroupSeparator":" ","PercentSymbol":"%","PerMilleSymbol":"‰","NativeDigits":["0","1","2","3","4","5","6","7","8","9"],"DigitSubstitution":1},"dateTimeFormat":{"AMDesignator":"","Calendar":{"MinSupportedDateTime":"\/Date(-62135596800000)\/","MaxSupportedDateTime":"\/Date(253402297199999)\/","AlgorithmType":1,"CalendarType":1,"Eras":[1],"TwoDigitYearMax":2029,"IsReadOnly":false},"DateSeparator":"-","FirstDayOfWeek":1,"CalendarWeekRule":2,"FullDateTimePattern":"d MMMM yyyy HH:mm:ss","LongDatePattern":"d MMMM yyyy","LongTimePattern":"HH:mm:ss","MonthDayPattern":"d MMMM","PMDesignator":"","RFC1123Pattern":"ddd, dd MMM yyyy HH\u0027:\u0027mm\u0027:\u0027ss \u0027GMT\u0027","ShortDatePattern":"yyyy-MM-dd","ShortTimePattern":"HH:mm","SortableDateTimePattern":"yyyy\u0027-\u0027MM\u0027-\u0027dd\u0027T\u0027HH\u0027:\u0027mm\u0027:\u0027ss","TimeSeparator":":","UniversalSortableDateTimePattern":"yyyy\u0027-\u0027MM\u0027-\u0027dd HH\u0027:\u0027mm\u0027:\u0027ss\u0027Z\u0027","YearMonthPattern":"MMMM yyyy","AbbreviatedDayNames":["N","Pn","Wt","Śr","Cz","Pt","So"],"ShortestDayNames":["N","Pn","Wt","Śr","Cz","Pt","So"],"DayNames":["niedziela","poniedziałek","wtorek","środa","czwartek","piątek","sobota"],"AbbreviatedMonthNames":["sty","lut","mar","kwi","maj","cze","lip","sie","wrz","paź","lis","gru",""],"MonthNames":["styczeń","luty","marzec","kwiecień","maj","czerwiec","lipiec","sierpień","wrzesień","październik","listopad","grudzień",""],"IsReadOnly":false,"NativeCalendarName":"Kalendarz gregoriański","AbbreviatedMonthGenitiveNames":["sty","lut","mar","kwi","maj","cze","lip","sie","wrz","paź","lis","gru",""],"MonthGenitiveNames":["stycznia","lutego","marca","kwietnia","maja","czerwca","lipca","sierpnia","września","października","listopada","grudnia",""]},"eras":[1,"A.D.",null,0]};//]]>
   </script>
   <script src="/Telerik.Web.UI.WebResource.axd?_TSM_HiddenField_=ScriptManager_TSM&amp;compress=1&amp;_TSM_CombinedScripts_=%3b%3bSystem.Web.Extensions%2c+Version%3d4.0.0.0%2c+Culture%3dneutral%2c+PublicKeyToken%3d31bf3856ad364e35%3apl-PL%3a8f95decb-d716-4257-bc42-c772df7173e5%3aea597d4b%3ab25378d2" type="text/javascript">
   </script>
   <div class="aspNetHidden">
    <input id="__VIEWSTATEGENERATOR" name="__VIEWSTATEGENERATOR" type="hidden" value="CA0B0334"/>
    <input id="__VIEWSTATEENCRYPTED" name="__VIEWSTATEENCRYPTED" type="hidden" value=""/>
    <input id="__EVENTVALIDATION" name="__EVENTVALIDATION" type="hidden" value="aBL3Bt2jRuUw3afzTKLdXo05C5zwYzpCE4kHmK1hrELwU82nrqyeCuNFUydZqF/SXJUWQansIf3xlzZTgUVdYMoHH7Nz7TGyuiev54cZ0QZo2XPB"/>
   </div>
   <script src="/js/dnn.js?cdv=971" type="text/javascript">
   </script>
   <script src="/js/dnn.modalpopup.js?cdv=971" type="text/javascript">
   </script>
   <script src="/js/dnncore.js?cdv=971" type="text/javascript">
   </script>
   <script src="/DesktopModules/DNNCorp/EvoqContentLibrary/ClientScripts/dnn.analytics.Injected.js?cdv=971" type="text/javascript">
   </script>
   <script src="/Resources/Shared/Scripts/jquery/jquery.iframe-transport.js?cdv=971" type="text/javascript">
   </script>
   <script src="/Resources/Shared/Scripts/jquery/jquery.fileupload.js?cdv=971" type="text/javascript">
   </script>
   <script src="/js/dnn.servicesframework.js?cdv=971" type="text/javascript">
   </script>
   <script type="text/javascript">
    //<![CDATA[
Sys.WebForms.PageRequestManager._initialize('ScriptManager', 'Form', [], [], [], 90, '');
//]]>
   </script>
   <div data-user='{"Email":null,"NickName":null,"AvatarUrl":null}' id="userDataContainer">
   </div>
   <!-- Rossmann -->
   <!-- dnn_ContentPane -->
   <span class="DNNEmptyPane" id="dnn_ContentPane">
   </span>
   <!-- END dnn_ContentPane -->
   <!-- Poniżej makieta html tymczasowo. Docelowe zastąpienie modułami. -->
   <!-- Header -->
   <section class="rossmannplnew">
    <nav class="cbp-spmenu cbp-spmenu-vertical cbp-spmenu-right" id="cbp-spmenu-s2">
     <div class="menupushyinner">
      <section>
       <div id="newsletter-mobile">
        <div data-bind="component: {
    name: ComponentName,
    params: {
        newsletterTypeName: 'mobile',
        isStandardNewsletter: true
    }
}">
        </div>
       </div>
       <script type="text/javascript">
        $(function () {
        Rossmann.Modules.NewsletterSubscribeMobile.SetNewsletterMobileType("newsletter-mobile", "mobile", "true");
    });
       </script>
       <script src="/DesktopModules/RossmannV4Modules/NewsletterSubscribeMobile/Js/bundle.js?v=2016-04-04">
       </script>
      </section>
     </div>
    </nav>
    <style>
     .modal-dialog modal-lg {
        width: 45%;
    }
    </style>
    <script src="/DesktopModules/RossmannV4Modules/FreeDeliveryPopup/Js/bundle.js?v=2016-04-27">
    </script>
    <div id="cookies-container">
     <div data-bind="style: { display: !ApprovedCookies() ? 'block' : 'none' }" id="cookies" style="display:none">
      <div class="container">
       <div class="row">
        <div class="col-lg-12">
         <p>
          Strona rossmann.pl używa plików cookies.
          <a data-bind="attr:{ href: Link }" href="">
           Dowiedz się więcej
          </a>
          o celu ich używania i zmianie ustawień cookies w przeglądarce. Korzystając ze
                                            strony wyrażasz zgodę na używanie cookies, zgodnie z aktualnymi ustawieniami
                                            przeglądarki.
         </p>
         <p>
          <a class="closed btn btn-default" data-bind="click: Approve" href="">
           Rozumiem
          </a>
         </p>
        </div>
       </div>
      </div>
     </div>
    </div>
    <!-- Your Content -->
    <div id="container">
     <div class="container" id="rossmann_main">
      <!-- Rossmann - head -->
      <div id="MainMenu">
       <nav class="cbp-spmenu cbp-spmenu-vertical cbp-spmenu-left" id="cbp-spmenu-s1">
        <div class="row">
         <span class="social_icon_container">
          <a class="social_icon" href="https://www.facebook.com/RossmannPL/" target="_blank">
           <img alt="facebook" class="img" src="/Resources/Rossmann/img/social_media/fb-white.png"/>
          </a>
          <a class="social_icon" href="https://www.youtube.com/c/RossmannPL" target="_blank">
           <img alt="youtube" class="img" src="/Resources/Rossmann/img/social_media/YouTube_white.png"/>
          </a>
          <a class="social_icon" href="https://www.instagram.com/RossmannPL/" target="_blank">
           <img alt="instagram" class="img" src="/Resources/Rossmann/img/social_media/inst_white.png"/>
          </a>
         </span>
        </div>
        <div class="menupushyinner">
         <ul>
          <li class="account">
           <a href="">
            Koszyk:
            <span data-bind="component: { name: 'CartMainMenuButton' }">
            </span>
           </a>
           <i class="fa fa-chevron-up">
           </i>
           <ul>
            <li>
             <a href="/zamowienie/koszyk">
              Zobacz koszyk
             </a>
            </li>
            <li>
             <!--ko component: {name: 'delivery-mainMenu', params: {DisplayMode : Rossmann.Shared.Deliveries.DeliveryMainMenuDisplayModes.Mobile }} -->
             <!-- /ko -->
            </li>
            <li>
             <a href="/profil/historia-zamowien">
              Zamówienia
             </a>
            </li>
            <li>
             <a href="/profil/listy-zakupowe">
              Twoje listy
             </a>
            </li>
           </ul>
          </li>
          <li class="account">
           <a href="/profil">
            Moje konto
           </a>
           <i class="fa fa-chevron-up">
           </i>
           <ul>
            <!--ko if: IsUserLoggedIn -->
            <li>
             <a data-bind="click: LogOut" href="">
              Wyloguj
             </a>
            </li>
            <!-- /ko -->
            <!--ko ifnot: IsUserLoggedIn -->
            <li>
             <a data-bind="click: LogIn" href="">
              Zaloguj
             </a>
            </li>
            <!-- /ko -->
           </ul>
          </li>
          <li>
           <a href="/drogeria-online">
            Drogeria Internetowa
           </a>
           <i class="fa fa-chevron-up">
           </i>
           <ul>
            <li>
             <a href="/produkty/Makijaz,293">
              Makijaż
             </a>
            </li>
            <li>
             <a href="/produkty/Pielegnacja-twarzy,434">
              Pielęgnacja twarzy
             </a>
            </li>
            <li>
             <a href="/produkty/Pielegnacja-ciala,678">
              Pielęgnacja ciała
             </a>
            </li>
            <li>
             <a href="/produkty/Pielegnacja-rak,766">
              Pielęgnacja rąk
             </a>
            </li>
            <li>
             <a href="/produkty/Zapachy-damskie-i-meskie,5340">
              Zapachy damskie i męskie
             </a>
            </li>
            <li>
             <a href="/produkty/Pielegnacja-wlosow,575">
              Pielęgnacja włosów
             </a>
            </li>
            <li>
             <a href="/produkty/Koloryzacja-wlosow,5725">
              Koloryzacja włosów
             </a>
            </li>
            <li>
             <a href="/produkty/Stylizacja-wlosow,5774">
              Stylizacja włosów
             </a>
            </li>
            <li>
             <a href="/produkty/Zywnosc-dla-dzieci,6110">
              Żywność dla dzieci
             </a>
            </li>
            <li>
             <a href="/produkty/Pielegnacja-dziecieca,6075">
              Pielęgnacja dziecięca
             </a>
            </li>
            <li>
             <a href="/produkty/Pieluchy,6095">
              Pieluchy
             </a>
            </li>
            <li>
             <a href="/produkty/Higiena-jamy-ustnej,268">
              Higiena jamy ustnej
             </a>
            </li>
            <li>
             <a href="/produkty/Golenie,659">
              Golenie
             </a>
            </li>
            <li>
             <a href="/produkty/Mycie-i-kapiel,725">
              Mycie i kąpiel
             </a>
            </li>
            <li>
             <a href="/produkty/Higiena-intymna,6358">
              Higiena intymna
             </a>
            </li>
            <li>
             <a href="/produkty/Dezodoranty-antyperspiracyjne,5642">
              Dezodoranty antyperspiracyjne
             </a>
            </li>
            <li>
             <a href="/produkty/Pranie-i-plukanie,6236">
              Pranie i płukanie
             </a>
            </li>
            <li>
             <a href="/produkty/Czystosc-w-domu,6187">
              Czystość w domu
             </a>
            </li>
            <li>
             <a href="/produkty/Artykuly-papierowe,6320">
              Artykuły papierowe
             </a>
            </li>
            <li>
             <a href="/produkty/Zdrowe-odzywianie,5554">
              Zdrowe odżywianie
             </a>
            </li>
            <li>
             <a href="/produkty/Parafarmaceutyki,554">
              Parafarmaceutyki
             </a>
            </li>
            <li>
             <a href="/produkty/Pokarm-dla-zwierzat,6421">
              Pokarm dla zwierząt
             </a>
            </li>
            <li>
             <a href="/produkty/Depilacja,780">
              Depilacja
             </a>
            </li>
            <li>
             <a href="/produkty/Pielegnacja-stop-i-paznokci,5852">
              Pielęgnacja stóp i paznokci
             </a>
            </li>
            <li>
             <a href="/produkty/Mydla,5656">
              Mydła
             </a>
            </li>
            <li>
             <a href="/produkty/Akcesoria-do-kapieli,5367">
              Akcesoria do kąpieli
             </a>
            </li>
            <li>
             <a href="/produkty/Maseczki-pielegnacyjne,6010">
              Maseczki pielęgnacyjne
             </a>
            </li>
            <li>
             <a href="/produkty/Pielegnacja-ust,5907">
              Pielęgnacja ust
             </a>
            </li>
            <li>
             <a href="/produkty/Akcesoria-kosmetyczne,2053">
              Akcesoria kosmetyczne
             </a>
            </li>
            <li>
             <a href="/produkty/Kosmetyczki,5404">
              Kosmetyczki
             </a>
            </li>
            <li>
             <a href="/produkty/Materialy-bawelniane,6372">
              Materiały bawełniane
             </a>
            </li>
            <li>
             <a href="/produkty/Chusteczki,6327">
              Chusteczki
             </a>
            </li>
            <li>
             <a href="/produkty/Akcesoria-do-wlosow,5372">
              Akcesoria do włosów
             </a>
            </li>
            <li>
             <a href="/produkty/Ozdoby-do-wlosow,5433">
              Ozdoby do włosów
             </a>
            </li>
            <li>
             <a href="/produkty/Gospodarstwo-domowe,6334">
              Gospodarstwo domowe
             </a>
            </li>
            <li>
             <a href="/produkty/Odswiezacze-----preparaty-na-mole---pielegnacja-obuwia,6260">
              Odświeżacze  -  preparaty na mole - pielęgnacja obuwia
             </a>
            </li>
            <li>
             <a href="/produkty/Zmywanie,6254">
              Zmywanie
             </a>
            </li>
            <li>
             <a href="/produkty/Akcesoria-dla-dzieci,6039">
              Akcesoria dla dzieci
             </a>
            </li>
            <li>
             <a href="/produkty/Zabawki,5523">
              Zabawki
             </a>
            </li>
            <li>
             <a href="/produkty/Kobieta-w-ciazy,6377">
              Kobieta w ciąży
             </a>
            </li>
            <li>
             <a href="/produkty/Przekaski-slodkie-i-slone-gumy-do-zucia-kawa,5488">
              Przekąski słodkie i słone, gumy do żucia, kawa
             </a>
            </li>
            <li>
             <a href="/produkty/Napoje-i-zimne-przekaski,5414">
              Napoje i zimne przekąski
             </a>
            </li>
            <li>
             <a href="/produkty/Non-food,483">
              Non food
             </a>
            </li>
            <li>
             <a href="/produkty/Ponczosznicze,5473">
              Pończosznicze
             </a>
            </li>
            <li>
             <a href="/produkty/Parasole,5463">
              Parasole
             </a>
            </li>
            <li>
             <a href="/produkty/AGD-male,5353">
              AGD małe
             </a>
            </li>
            <li>
             <a href="/produkty/Artykuly-sezonowe-lato,5873">
              Artykuły sezonowe lato
             </a>
            </li>
            <li>
             <a href="/produkty/Mini-produkty,5677">
              Mini produkty
             </a>
            </li>
            <li>
             <a href="/produkty/Foto-i-artykuly-biurowe,6205">
              Foto i artykuły biurowe
             </a>
            </li>
            <li>
             <a href="/produkty/Artykuly-dekoracyjne,4">
              Artykuły dekoracyjne
             </a>
            </li>
            <li>
             <a href="/produkty/Artykuly-lazienkowe,2061">
              Artykuły łazienkowe
             </a>
            </li>
            <li>
             <a href="/produkty/Tekstylia-lazienkowe,5513">
              Tekstylia łazienkowe
             </a>
            </li>
           </ul>
          </li>
          <li>
           <a href="/promocje">
            Promocje
           </a>
           <i class="fa fa-chevron-up">
           </i>
           <ul>
           </ul>
          </li>
          <li>
           <a href="/premiery">
            Premiery
           </a>
           <i class="fa fa-chevron-up">
           </i>
           <ul>
           </ul>
          </li>
          <li>
           <a href="/rossne">
            Rossnę!
           </a>
           <i class="fa fa-chevron-up">
           </i>
           <ul>
           </ul>
          </li>
          <li>
           <a href="/skarb">
            Skarb
           </a>
           <i class="fa fa-chevron-up">
           </i>
           <ul>
           </ul>
          </li>
          <li>
           <a href="/klub">
            Klub
           </a>
           <i class="fa fa-chevron-up">
           </i>
           <ul>
           </ul>
          </li>
          <li>
           <a href="/foto">
            Foto
           </a>
           <i class="fa fa-chevron-up">
           </i>
           <ul>
           </ul>
          </li>
          <li>
           <a href="/firma">
            FIRMA
           </a>
           <i class="fa fa-chevron-up">
           </i>
           <ul>
            <li>
             <a href="/firma/o-firmie/nasze-credo">
              O FIRMIE
             </a>
            </li>
            <li>
             <a href="/firma/pl-pl/Kariera">
              KARIERA
             </a>
            </li>
            <li>
             <a href="/firma/pl-pl/Ekspansja">
              EKSPANSJA
             </a>
            </li>
            <li>
             <a href="/firma/pl-pl/CSR">
              CSR
             </a>
            </li>
            <li>
             <a href="/firma/pl-pl/Biuro-Prasowe">
              BIURO PRASOWE
             </a>
            </li>
            <li>
             <a href="/kontakt">
              KONTAKT
             </a>
            </li>
            <li>
             <a href="http://pp.rossmann.com.pl/PD/OfferFormSite.aspx">
              Złóż ofertę
             </a>
            </li>
           </ul>
          </li>
          <li>
           <a href="/drogerie">
            Znajdź drogerię
           </a>
           <i class="fa fa-chevron-up">
           </i>
           <ul>
           </ul>
          </li>
         </ul>
        </div>
       </nav>
       <header class="hidden-lg" id="header_mobile">
        <div class="container">
         <div class="row">
          <div class="col-md-7 col-sm-7 col-xs-7">
           <button class="icon" id="showLeftPush">
            <img alt="" src="/Resources/Rossmann/img/icon_navi.png"/>
           </button>
           <a class="logo" href="/">
            <img alt="" src="/Resources/Rossmann/img/rossmannlogo.png"/>
           </a>
          </div>
          <div class="col-md-5 col-sm-5 col-xs-5 text-right">
           <a class="icon icon_search" data-bind="click: ShowMobileSearcher " href="">
            <img alt="" src="/Resources/Rossmann/img/icon_search.png"/>
           </a>
           <a class="icon icon_cart" href="/zamowienie/koszyk">
            <img alt="" src="/Resources/Rossmann/img/icon_cart.png"/>
           </a>
           <a class="icon" href="/newsletter" id="showRightPush">
            <img alt="" src="/Resources/Rossmann/img/icon_nsl.jpg"/>
           </a>
          </div>
         </div>
         <section data-bind="component: { name: 'SearcherMobile', params: { Id: 'search_mobile' } } " id="search_mobile">
         </section>
        </div>
       </header>
       <!-- header desktop -->
       <header class="visible-lg" id="header_desktop">
        <div class="categorylist" id="categorylist">
         <div class="row">
          <div class="col-lg-12 text-right">
           <p>
            <a class="btn red big" href="/pomoc">
             Pomoc
            </a>
            <a class="btn grey" href="/profil/historia-zamowien">
             Zamówienia
            </a>
            <a class="btn grey" href="/profil/listy-zakupowe">
             Twoje listy
            </a>
           </p>
          </div>
          <div class="col-lg-3">
           <ul>
            <li>
             <a href="/drogeria/makijaz-materialy-reklamowe,86344,k293">
              Makijaż
             </a>
             <div class="subcategories">
              <a href="/drogeria/makijaz-materialy-reklamowe,86340,k7154">
               Oczy
              </a>
              <a href="/drogeria/makijaz-materialy-reklamowe,86344,k7157">
               Paznokcie
              </a>
              <a href="/drogeria/makijaz,86218,k7155">
               Twarz
              </a>
              <a href="/drogeria/oczy,86228,k7156">
               Usta
              </a>
             </div>
            </li>
           </ul>
           <ul>
            <li>
             <a href="/drogeria/pielegnacja-twarzy,86578,k434">
              Pielęgnacja twarzy
             </a>
             <div class="subcategories">
              <a href="/drogeria/pielegnacja-twarzy,86574,k4472">
               Cera dojrzała
              </a>
              <a href="/drogeria/pielegnacja-twarzy,86579,k3258">
               Kosmetyki męskie
              </a>
              <a href="/drogeria/pielegnacja-twarzy,86577,k7047">
               Oczyszczanie
              </a>
              <a href="/drogeria/pielegnacja-twarzy,86578,k3147">
               Pielęgnacja młodej cery
              </a>
              <a href="/drogeria/pielegnacja-twarzy,86578,k3143">
               Pielęgnacja podstawowa
              </a>
              <a href="/drogeria/pielegnacja-twarzy,86576,k3144">
               Pierwsze zmarszczki
              </a>
             </div>
            </li>
           </ul>
           <ul>
            <li>
             <a href="/drogeria/pielegnacja-ciala,86414,k678">
              Pielęgnacja ciała
             </a>
             <div class="subcategories">
              <a href="/drogeria/pielegnacja-ciala,86415,k685">
               Modelowanie sylwetki
              </a>
              <a href="/drogeria/pielegnacja-ciala,86413,k682">
               Pielęgnacja
              </a>
              <a href="/drogeria/pielegnacja-ciala,86414,k7283">
               Produkty brązujące
              </a>
             </div>
            </li>
           </ul>
           <ul>
            <li>
             <a href="/drogeria/pielegnacja-rak,86425,k766">
              Pielęgnacja rąk
             </a>
             <div class="subcategories">
              <a href="/drogeria/pielegnacja-rak,86425,k5838">
               Akcesoria - przybory do pielęgnacji dłoni
              </a>
              <a href="/drogeria/pielegnacja-rak,86424,k5837">
               Pielęgnacja dłoni
              </a>
              <a href="/drogeria/pielegnacja-rak,86425,k5840">
               Pielęgnacja paznokcia
              </a>
             </div>
            </li>
           </ul>
           <ul>
            <li>
             <a href="/drogeria/zapachy-damskie-i-meskie,85867,k5340">
              Zapachy damskie i męskie
             </a>
             <div class="subcategories">
              <a href="/drogeria/zapachy-damskie-i-meskie,85867,k5341">
               Zapachy damskie
              </a>
              <a href="/drogeria/zapachy-damskie-i-meskie,85863,k5342">
               Zapachy męskie
              </a>
             </div>
            </li>
           </ul>
           <ul>
            <li>
             <a href="/drogeria/pielegnacja-wlosow,85656,k575">
              Pielęgnacja włosów
             </a>
             <div class="subcategories">
              <a href="/drogeria/pielegnacja-wlosow,85656,k7129">
               Kuracja intensywna
              </a>
              <a href="/drogeria/pielegnacja-wlosow,85655,k7128">
               Odżywki
              </a>
              <a href="/drogeria/pielegnacja-wlosow,85666,k7127">
               Szampony
              </a>
              <a href="/drogeria/pielegnacja-wlosow,85667,k7126">
               Szampony suche
              </a>
             </div>
            </li>
           </ul>
           <ul>
            <li>
             <a href="/drogeria/koloryzacja-wlosow,85614,k5725">
              Koloryzacja włosów
             </a>
             <div class="subcategories">
              <a href="/drogeria/koloryzacja-wlosow,85615,k5731">
               Koloryzacja półtrwała
              </a>
              <a href="/drogeria/koloryzacja-wlosow,85616,k5729">
               Koloryzacja trwała
              </a>
              <a href="/drogeria/koloryzacja-wlosow,85614,k5738">
               Koloryzacja zmywalna
              </a>
              <a href="/drogeria/koloryzacja-wlosow,85614,k5750">
               Produkty specjalistyczne
              </a>
             </div>
            </li>
           </ul>
           <ul>
            <li>
             <a href="/drogeria/stylizacja-wlosow,85687,k5774">
              Stylizacja włosów
             </a>
             <div class="subcategories">
              <a href="/drogeria/stylizacja-wlosow,85687,k5778">
               Lakiery
              </a>
              <a href="/drogeria/stylizacja-wlosow,85686,k5793">
               Nowoczesne formy aplikacji
              </a>
              <a href="/drogeria/stylizacja-wlosow,85687,k5780">
               Pianki
              </a>
             </div>
            </li>
           </ul>
           <ul>
            <li>
             <a href="/drogeria/zywnosc-dla-dzieci,86315,k6110">
              Żywność dla dzieci
             </a>
             <div class="subcategories">
              <a href="/drogeria/zywnosc-dla-dzieci,86316,k6111">
               Desery
              </a>
              <a href="/drogeria/zywnosc-dla-dzieci,86316,k6112">
               Herbatki
              </a>
              <a href="/drogeria/zywnosc-dla-dzieci,86314,k6113">
               Kaszki i kleiki
              </a>
              <a href="/drogeria/zywnosc-dla-dzieci,86312,k6114">
               Mleka modyfikowane
              </a>
              <a href="/drogeria/zywnosc-dla-dzieci,86317,k6115">
               Napoje
              </a>
              <a href="/drogeria/zywnosc-dla-dzieci,86315,k6740">
               Obiadki
              </a>
             </div>
            </li>
           </ul>
           <ul>
            <li>
             <a href="/drogeria/pielegnacja-dziecieca,86293,k6075">
              Pielęgnacja dziecięca
             </a>
             <div class="subcategories">
              <a href="/drogeria/pielegnacja-dziecieca,86291,k7234">
               Chusteczki dla dzieci
              </a>
              <a href="/drogeria/akcesoria-dla-dzieci,86292,k7233">
               Higiena dzieci
              </a>
              <a href="/drogeria/akcesoria-dla-dzieci,86292,k7230">
               Pielęgnacja naturalna
              </a>
              <a href="/drogeria/pielegnacja-dziecieca,86293,k7231">
               Pielęgnacja podstawowa
              </a>
              <a href="/drogeria/akcesoria-dla-dzieci,86292,k7229">
               Pielęgnacja specjalna
              </a>
              <a href="/drogeria/pielegnacja-dziecieca,86293,k6078">
               Produkty na odparzenia
              </a>
              <a href="/drogeria/akcesoria-dla-dzieci,86292,k7232">
               Zabawa w kąpieli
              </a>
             </div>
            </li>
           </ul>
           <ul>
            <li>
             <a href="/drogeria/pieluchy,86850,k6095">
              Pieluchy
             </a>
             <div class="subcategories">
              <a href="/drogeria/pieluchy,86851,k6738">
               Pieluchomajtki
              </a>
              <a href="/drogeria/pieluchy,86851,k6739">
               Pieluchy do pływania
              </a>
              <a href="/drogeria/pieluchy,86850,k6737">
               Pieluchy jednorazowe
              </a>
             </div>
            </li>
           </ul>
           <ul>
            <li>
             <a href="/drogeria/higiena-jamy-ustnej,86767,k268">
              Higiena jamy ustnej
             </a>
             <div class="subcategories">
              <a href="/drogeria/higiena-jamy-ustnej,86768,k5638">
               Higiena przestrzeni międzyzębowych
              </a>
              <a href="/drogeria/higiena-jamy-ustnej,86767,k275">
               Odświeżacze do ust
              </a>
              <a href="/drogeria/higiena-jamy-ustnej,86766,k279">
               Pasty do zębów
              </a>
              <a href="/drogeria/higiena-jamy-ustnej,86768,k277">
               Płyny do płukania ust
              </a>
              <a href="/drogeria/higiena-jamy-ustnej,86767,k284">
               Preparaty do protez zębowych
              </a>
              <a href="/drogeria/higiena-jamy-ustnej,86767,k287">
               Szczoteczki do zębów
              </a>
             </div>
            </li>
           </ul>
           <ul>
            <li>
             <a href="/drogeria/golenie,86394,k659">
              Golenie
             </a>
             <div class="subcategories">
              <a href="/drogeria/golenie,86394,k660">
               Kosmetyki do golenia
              </a>
              <a href="/drogeria/golenie,86396,k673">
               Kosmetyki po goleniu
              </a>
              <a href="/drogeria/golenie,86395,k669">
               Przyrządy do golenia
              </a>
             </div>
            </li>
           </ul>
          </div>
          <div class="col-lg-3">
           <ul>
            <li>
             <a href="/drogeria/mycie-i-kapiel,86202,k725">
              Mycie i kąpiel
             </a>
             <div class="subcategories">
              <a href="/drogeria/mycie-i-kapiel,86200,k7279">
               Peelingi
              </a>
              <a href="/drogeria/mycie-i-kapiel,86200,k730">
               Preparaty kąpielowe
              </a>
              <a href="/drogeria/mycie-i-kapiel,86203,k726">
               Żele pod prysznic
              </a>
             </div>
            </li>
           </ul>
           <ul>
            <li>
             <a href="/drogeria/higiena-intymna,86152,k6358">
              Higiena intymna
             </a>
             <div class="subcategories">
              <a href="/drogeria/higiena-intymna,86152,k7212">
               Chusteczki do higieny intymnej
              </a>
              <a href="/drogeria/higiena-intymna,86149,k6365">
               Inkontynencja
              </a>
              <a href="/drogeria/higiena-intymna,86151,k7209">
               Płyny do higieny intymnej
              </a>
              <a href="/drogeria/higiena-intymna,86150,k7215">
               Podpaski
              </a>
              <a href="/drogeria/higiena-intymna,86152,k6368">
               Sex
              </a>
              <a href="/drogeria/higiena-intymna,86151,k7269">
               Tampony
              </a>
              <a href="/drogeria/higiena-intymna,86148,k7274">
               Wkładki
              </a>
             </div>
            </li>
           </ul>
           <ul>
            <li>
             <a href="/drogeria/dezodoranty-antyperspiracyjne,86181,k5642">
              Dezodoranty antyperspiracyjne
             </a>
             <div class="subcategories">
              <a href="/drogeria/dezodoranty-antyperspiracyjne,86181,k5643">
               Damskie
              </a>
              <a href="/drogeria/dezodoranty-antyperspiracyjne,86183,k5644">
               Męskie
              </a>
              <a href="/drogeria/dezodoranty-antyperspiracyjne,86182,k7198">
               Specjalistyczne
              </a>
             </div>
            </li>
           </ul>
           <ul>
            <li>
             <a href="/drogeria/pranie-i-plukanie,85935,k6236">
              Pranie i płukanie
             </a>
             <div class="subcategories">
              <a href="/drogeria/pranie-i-plukanie,85935,k6237">
               Dodatki do prania
              </a>
              <a href="/drogeria/pranie-i-plukanie,85937,k6240">
               Płukanie tkanin
              </a>
              <a href="/drogeria/pranie-i-plukanie,85937,k6242">
               Pranie i płukanie tkanin dziecięcych
              </a>
              <a href="/drogeria/pranie-i-plukanie,85935,k6247">
               Pranie tkanin delikatnych
              </a>
              <a href="/drogeria/pranie-i-plukanie,85936,k6250">
               Pranie tkanin zwykłych
              </a>
             </div>
            </li>
           </ul>
           <ul>
            <li>
             <a href="/drogeria/czystosc-w-domu,85957,k6187">
              Czystość w domu
             </a>
             <div class="subcategories">
              <a href="/drogeria/czystosc-w-domu,85958,k6188">
               Czyszczenie specjalistyczne
              </a>
              <a href="/drogeria/czystosc-w-domu,85958,k6189">
               Czyszczenie uniwersalne
              </a>
              <a href="/drogeria/czystosc-w-domu,85958,k6190">
               Meble
              </a>
              <a href="/drogeria/czystosc-w-domu,85959,k6191">
               Podłogi - dywany
              </a>
              <a href="/drogeria/czystosc-w-domu,85960,k6192">
               Szyby
              </a>
              <a href="/drogeria/czystosc-w-domu,85958,k6193">
               Udrażniacze
              </a>
              <a href="/drogeria/czystosc-w-domu,85957,k6194">
               Wc
              </a>
             </div>
            </li>
           </ul>
           <ul>
            <li>
             <a href="/drogeria/artykuly-papierowe,89862,k6320">
              Artykuły papierowe
             </a>
             <div class="subcategories">
              <a href="/drogeria/artykuly-papierowe,89860,k6321">
               Papiery toaletowe
              </a>
              <a href="/drogeria/artykuly-papierowe,89862,k6324">
               Rolki kuchenne
              </a>
             </div>
            </li>
           </ul>
           <ul>
            <li>
             <a href="/drogeria/zdrowe-odzywianie,85717,k5554">
              Zdrowe odżywianie
             </a>
             <div class="subcategories">
              <a href="/drogeria/zdrowe-odzywianie,85715,k5555">
               Bakalie
              </a>
              <a href="/drogeria/zdrowe-odzywianie,85719,k5557">
               Napoje
              </a>
              <a href="/drogeria/zdrowe-odzywianie,85719,k6588">
               Produkty bezglutenowe
              </a>
              <a href="/drogeria/zdrowe-odzywianie,85716,k5558">
               Przetwory
              </a>
              <a href="/drogeria/zdrowe-odzywianie,85717,k5560">
               Słodycze
              </a>
              <a href="/drogeria/zdrowe-odzywianie,85718,k5559">
               Wyroby zbożowe
              </a>
             </div>
            </li>
           </ul>
           <ul>
            <li>
             <a href="/drogeria/parafarmaceutyki,85706,k554">
              Parafarmaceutyki
             </a>
             <div class="subcategories">
              <a href="/drogeria/parafarmaceutyki,85706,k5453">
               Apteczka
              </a>
              <a href="/drogeria/parafarmaceutyki,85706,k4454">
               Okulistyka
              </a>
              <a href="/drogeria/parafarmaceutyki,85705,k5442">
               Problemy pokarmowe
              </a>
              <a href="/drogeria/parafarmaceutyki,85705,k5444">
               Suplementy i witaminy
              </a>
              <a href="/drogeria/parafarmaceutyki,85704,k5438">
               Środki na przeziębienie
              </a>
              <a href="/drogeria/parafarmaceutyki,85704,k5440">
               Środki przeciwbólowe
              </a>
             </div>
            </li>
           </ul>
           <ul>
            <li>
             <a href="/drogeria/pokarm-dla-zwierzat,86370,k6421">
              Pokarm dla zwierząt
             </a>
             <div class="subcategories">
              <a href="/drogeria/pokarm-dla-zwierzat,86371,k6567">
               Akcesoria
              </a>
              <a href="/drogeria/pokarm-dla-zwierzat,86370,k6424">
               Koty
              </a>
              <a href="/drogeria/pokarm-dla-zwierzat,86372,k6430">
               Psy
              </a>
             </div>
            </li>
           </ul>
           <ul>
            <li>
             <a href="/drogeria/depilacja,86391,k780">
              Depilacja
             </a>
             <div class="subcategories">
              <a href="/drogeria/depilacja,86390,k781">
               Depilacja chemiczna
              </a>
              <a href="/drogeria/depilacja,86391,k5572">
               Golenie damskie
              </a>
             </div>
            </li>
           </ul>
           <ul>
            <li>
             <a href="/drogeria/pielegnacja-stop-i-paznokci,86553,k5852">
              Pielęgnacja stóp i paznokci
             </a>
             <div class="subcategories">
              <a href="/drogeria/pielegnacja-stop-i-paznokci,86554,k5858">
               Akcesoria do stóp
              </a>
              <a href="/drogeria/pielegnacja-stop-i-paznokci,86554,k5861">
               Ochrona stopy
              </a>
              <a href="/drogeria/pielegnacja-stop-i-paznokci,86553,k5854">
               Pielęgnacja stóp
              </a>
              <a href="/drogeria/pielegnacja-stop-i-paznokci,86553,k5856">
               Preparaty na problem
              </a>
             </div>
            </li>
           </ul>
           <ul>
            <li>
             <a href="/drogeria/mydla,86186,k5656">
              Mydła
             </a>
             <div class="subcategories">
              <a href="/drogeria/mydla,86186,k5657">
               Mydła w kostce
              </a>
              <a href="/drogeria/mydla,86187,k5658">
               Mydła w płynie
              </a>
             </div>
            </li>
           </ul>
           <ul>
            <li>
             <a href="/drogeria/akcesoria-do-kapieli,85323,k5367">
              Akcesoria do kąpieli
             </a>
             <div class="subcategories">
              <a href="/drogeria/akcesoria-do-kapieli,85323,k5368">
               Gąbki, myjki, szczotki
              </a>
              <a href="/drogeria/akcesoria-do-kapieli,85323,k5370">
               Masażery
              </a>
             </div>
            </li>
           </ul>
          </div>
          <div class="col-lg-3">
           <ul>
            <li>
             <a href="/drogeria/maseczki-pielegnacyjne,86219,k6010">
              Maseczki pielęgnacyjne
             </a>
             <div class="subcategories">
              <a href="/drogeria/maseczki-pielegnacyjne,86219,k6011">
               Maseczki pielęgnacyjne
              </a>
             </div>
            </li>
           </ul>
           <ul>
            <li>
             <a href="/drogeria/pielegnacja-ust,86262,k5907">
              Pielęgnacja ust
             </a>
             <div class="subcategories">
              <a href="/drogeria/pielegnacja-ust,86262,k5908">
               Pielęgnacja ust
              </a>
             </div>
            </li>
           </ul>
           <ul>
            <li>
             <a href="/drogeria/akcesoria-kosmetyczne,86672,k2053">
              Akcesoria kosmetyczne
             </a>
             <div class="subcategories">
              <a href="/drogeria/akcesoria-kosmetyczne,86672,k6982">
               Akcesoria do brwi
              </a>
              <a href="/drogeria/akcesoria-kosmetyczne,86672,k6981">
               Akcesoria do oczu
              </a>
              <a href="/drogeria/akcesoria-kosmetyczne,86672,k6980">
               Akcesoria do twarzy
              </a>
              <a href="/drogeria/akcesoria-kosmetyczne,86672,k5384">
               Henny i odżywki
              </a>
             </div>
            </li>
           </ul>
           <ul>
            <li>
             <a href="/drogeria/akcesoria-do-kapieli,85341,k5404">
              Kosmetyczki
             </a>
             <div class="subcategories">
              <a href="/drogeria/akcesoria-do-kapieli,85341,k5405">
               Damska
              </a>
              <a href="/drogeria/akcesoria-do-kapieli,85341,k5407">
               Męska
              </a>
             </div>
            </li>
           </ul>
           <ul>
            <li>
             <a href="/drogeria/materialy-bawelniane,86412,k6372">
              Materiały bawełniane
             </a>
             <div class="subcategories">
              <a href="/drogeria/materialy-bawelniane,86412,k6373">
               Materiały bawełniane
              </a>
             </div>
            </li>
           </ul>
           <ul>
            <li>
             <a href="/drogeria/chusteczki,86404,k6327">
              Chusteczki
             </a>
             <div class="subcategories">
              <a href="/drogeria/chusteczki,86405,k6328">
               Chusteczki higieniczne
              </a>
              <a href="/drogeria/chusteczki,86404,k6330">
               Chusteczki kosmetyczne
              </a>
              <a href="/drogeria/chusteczki,86404,k6332">
               Chusteczki nawilżane
              </a>
             </div>
            </li>
           </ul>
           <ul>
            <li>
             <a href="/drogeria/akcesoria-do-wlosow,85288,k5372">
              Akcesoria do włosów
             </a>
             <div class="subcategories">
              <a href="/drogeria/akcesoria-do-wlosow,85288,k5382">
               Przybory kosmetyczne
              </a>
              <a href="/drogeria/akcesoria-do-wlosow,85288,k5373">
               Szczotki i grzebienie
              </a>
              <a href="/drogeria/akcesoria-do-wlosow,85288,k5376">
               Wałki i papiloty
              </a>
             </div>
            </li>
           </ul>
           <ul>
            <li>
             <a href="/drogeria/ozdoby-do-wlosow,85384,k5433">
              Ozdoby do włosów
             </a>
             <div class="subcategories">
              <a href="/drogeria/ozdoby-do-wlosow,85384,k5434">
               Ozdoby do włosów
              </a>
              <a href="/drogeria/ozdoby-do-wlosow,85384,k5435">
               Ozdoby do włosów dla dzieci
              </a>
              <a href="/drogeria/ozdoby-do-wlosow,85384,k7476">
               Przybory do układania fryzur
              </a>
             </div>
            </li>
           </ul>
           <ul>
            <li>
             <a href="/drogeria/gospodarstwo-domowe,86974,k6334">
              Gospodarstwo domowe
             </a>
             <div class="subcategories">
              <a href="/drogeria/gospodarstwo-domowe,86974,k6335">
               Filtry i dzbanki
              </a>
              <a href="/drogeria/gospodarstwo-domowe,86975,k6338">
               Folie i papiery kuchenne
              </a>
              <a href="/drogeria/gospodarstwo-domowe,86973,k6344">
               Przybory do czyszczenia
              </a>
              <a href="/drogeria/gospodarstwo-domowe,86974,k6348">
               Rękawiczki
              </a>
              <a href="/drogeria/gospodarstwo-domowe,86974,k6351">
               Worki  na odpady
              </a>
             </div>
            </li>
           </ul>
           <ul>
            <li>
             <a href="/drogeria/odswiezacze--preparaty-na-mole-pielegnacja-obuwia,85946,k6260">
              Odświeżacze  -  preparaty na mole - pielęgnacja obuwia
             </a>
             <div class="subcategories">
              <a href="/drogeria/odswiezacze--preparaty-na-mole-pielegnacja-obuwia,85948,k6261">
               Odświeżacze
              </a>
              <a href="/drogeria/odswiezacze--preparaty-na-mole-pielegnacja-obuwia,85946,k6267">
               Pielęgnacja obuwia
              </a>
              <a href="/drogeria/odswiezacze--preparaty-na-mole-pielegnacja-obuwia,85946,k6271">
               Preparaty na mole
              </a>
             </div>
            </li>
           </ul>
           <ul>
            <li>
             <a href="/drogeria/czystosc-w-domu,85960,k6254">
              Zmywanie
             </a>
             <div class="subcategories">
              <a href="/drogeria/czystosc-w-domu,85960,k6255">
               Automatyczne
              </a>
              <a href="/drogeria/czystosc-w-domu,85959,k6256">
               Ręczne
              </a>
             </div>
            </li>
           </ul>
           <ul>
            <li>
             <a href="/drogeria/akcesoria-dla-dzieci,86429,k6039">
              Akcesoria dla dzieci
             </a>
             <div class="subcategories">
              <a href="/drogeria/akcesoria-dla-dzieci,86429,k6040">
               Akcesoria do pielęgnacji
              </a>
              <a href="/drogeria/akcesoria-dla-dzieci,86292,k6041">
               Artykuły higieniczne z bawełną
              </a>
              <a href="/drogeria?s=25391101&amp;k=6759">
               Dekoracje
              </a>
              <a href="/drogeria/akcesoria-dla-dzieci,86429,k6043">
               Karmienie
              </a>
              <a href="/drogeria/akcesoria-dla-dzieci,91351,k6047">
               Nocniki - podesty
              </a>
              <a href="/drogeria/akcesoria-dla-dzieci,86429,k6045">
               Smoczki uspokajające i gryzaki
              </a>
              <a href="/drogeria/akcesoria-dla-dzieci,86429,k6836">
               Środki czystości
              </a>
              <a href="/drogeria/akcesoria-dla-dzieci,86429,k6756">
               Tekstylia
              </a>
              <a href="/drogeria/akcesoria-dla-dzieci,91351,k6754">
               Worki na pieluchy
              </a>
              <a href="/drogeria/akcesoria-dla-dzieci,86429,k6046">
               Zabawki
              </a>
             </div>
            </li>
           </ul>
           <ul>
            <li>
             <a href="/drogeria/zabawki,86854,k5523">
              Zabawki
             </a>
             <div class="subcategories">
              <a href="/drogeria/zabawki,86854,k5528">
               Kreatywne
              </a>
             </div>
            </li>
           </ul>
          </div>
          <div class="col-lg-3">
           <ul>
            <li>
             <a href="/drogeria/kobieta-w-ciazy,86432,k6377">
              Kobieta w ciąży
             </a>
             <div class="subcategories">
              <a href="/drogeria/kobieta-w-ciazy,86432,k6408">
               Pielęgnacja ciała
              </a>
              <a href="/drogeria/kobieta-w-ciazy,86432,k6542">
               Podkłady poporodowe
              </a>
              <a href="/drogeria/kobieta-w-ciazy,86432,k6380">
               Suplementy
              </a>
              <a href="/drogeria/kobieta-w-ciazy,86432,k6378">
               Tekstylia
              </a>
             </div>
            </li>
           </ul>
           <ul>
            <li>
             <a href="/drogeria/przekaski-slodkie-i-slone-gumy-do-zucia-kawa,86451,k5488">
              Przekąski słodkie i słone, gumy do żucia, kawa
             </a>
             <div class="subcategories">
              <a href="/drogeria/napoje-i-zimne-przekaski,86452,k5489">
               Batony i wafle
              </a>
              <a href="/drogeria/napoje-i-zimne-przekaski,86453,k5490">
               Chipsy i snacki
              </a>
              <a href="/drogeria/napoje-i-zimne-przekaski,86452,k5493">
               Ciastka
              </a>
              <a href="/drogeria/napoje-i-zimne-przekaski,86453,k5491">
               Cukierki
              </a>
              <a href="/drogeria/napoje-i-zimne-przekaski,86453,k5492">
               Gumy do żucia
              </a>
              <a href="/drogeria/przekaski-slodkie-i-slone-gumy-do-zucia-kawa,86451,k5494">
               Wyroby czekoladowe
              </a>
             </div>
            </li>
           </ul>
           <ul>
            <li>
             <a href="/drogeria/napoje-i-zimne-przekaski,86452,k5414">
              Napoje i zimne przekąski
             </a>
             <div class="subcategories">
              <a href="/drogeria/napoje-i-zimne-przekaski,86452,k7420">
               Napoje
              </a>
              <a href="/drogeria/napoje-i-zimne-przekaski,86453,k7421">
               Zimne przekąski
              </a>
             </div>
            </li>
           </ul>
           <ul>
            <li>
             <a href="/drogeria/non-food,91952,k483">
              Non food
             </a>
             <div class="subcategories">
              <a href="/drogeria/non-food,90329,k1188">
               Dla domu
              </a>
              <a href="/drogeria/agd-male,90914,k1403">
               Ideenwelt
              </a>
              <a href="/drogeria/non-food,91952,k1233">
               Sezonowe
              </a>
             </div>
            </li>
           </ul>
           <ul>
            <li>
             <a href="/drogeria/ponczosznicze,84864,k5473">
              Pończosznicze
             </a>
             <div class="subcategories">
              <a href="/drogeria/ponczosznicze,84864,k5474">
               Podkolanówki
              </a>
              <a href="/drogeria/ponczosznicze,84863,k5476">
               Pończochy
              </a>
              <a href="/drogeria/ponczosznicze,84863,k5478">
               Rajstopy
              </a>
              <a href="/drogeria/ponczosznicze,84864,k5480">
               Skarpety damskie
              </a>
              <a href="/drogeria/ponczosznicze,84864,k5482">
               Skarpety męskie
              </a>
             </div>
            </li>
           </ul>
           <ul>
            <li>
             <a href="/drogeria/non-food,85391,k5463">
              Parasole
             </a>
             <div class="subcategories">
              <a href="/drogeria/non-food,85391,k5464">
               Laska
              </a>
              <a href="/drogeria/non-food,85391,k5468">
               Mini automatyczny
              </a>
              <a href="/drogeria/non-food,85391,k5466">
               Mini składany
              </a>
             </div>
            </li>
           </ul>
           <ul>
            <li>
             <a href="/drogeria/agd-male,90914,k5353">
              AGD małe
             </a>
             <div class="subcategories">
              <a href="/drogeria/agd-male,90915,k6788">
               Czystość i porządek
              </a>
              <a href="/drogeria/agd-male,90914,k5356">
               Dom
              </a>
              <a href="/drogeria/agd-male,90914,k5354">
               Kuchnia
              </a>
              <a href="/drogeria/agd-male,90914,k5358">
               Pielęgnacja i zdrowie
              </a>
             </div>
            </li>
           </ul>
           <ul>
            <li>
             <a href="/drogeria/artykuly-sezonowe-lato,87910,k5873">
              Artykuły sezonowe lato
             </a>
             <div class="subcategories">
              <a href="/drogeria/artykuly-sezonowe-lato,87909,k5875">
               Preparaty do opalania
              </a>
              <a href="/drogeria/artykuly-sezonowe-lato,87909,k5892">
               Preparaty po opalaniu
              </a>
              <a href="/drogeria/artykuly-sezonowe-lato,87910,k5874">
               Repelenty
              </a>
             </div>
            </li>
           </ul>
           <ul>
            <li>
             <a href="/drogeria/mini-produkty,86919,k5677">
              Mini produkty
             </a>
             <div class="subcategories">
              <a href="/drogeria/mini-produkty,86918,k6438">
               Akcesoria
              </a>
              <a href="/drogeria/mini-produkty,86919,k7506">
               Chusteczki nawilżane
              </a>
              <a href="/drogeria/mini-produkty,86919,k5684">
               Czystość w domu
              </a>
              <a href="/drogeria/mini-produkty,86918,k5702">
               Dezodoranty antyperspiracyjne damskie
              </a>
              <a href="/drogeria/mini-produkty,86918,k5708">
               Dezodoranty antyperspiracyjne męskie
              </a>
              <a href="/drogeria/mini-produkty,86918,k6437">
               Golenie
              </a>
              <a href="/drogeria/mini-produkty,86919,k5692">
               Higiena jamy ustnej
              </a>
              <a href="/drogeria/mini-produkty,86918,k5690">
               Mycie i kąpiel
              </a>
              <a href="/drogeria/mini-produkty,86919,k5688">
               Pielęgnacja ciała
              </a>
              <a href="/drogeria/mini-produkty,86918,k5678">
               Pielęgnacja dzieci
              </a>
              <a href="/drogeria/mini-produkty,86919,k5682">
               Pielęgnacja rąk
              </a>
              <a href="/drogeria/mini-produkty,86919,k5680">
               Pielęgnacja stóp
              </a>
              <a href="/drogeria/mini-produkty,86918,k5686">
               Pielęgnacja twarzy
              </a>
              <a href="/drogeria/mini-produkty,86919,k6439">
               Pielęgnacja włosów
              </a>
             </div>
            </li>
           </ul>
           <ul>
            <li>
             <a href="/drogeria/foto-i-artykuly-biurowe,89127,k6205">
              Foto i artykuły biurowe
             </a>
             <div class="subcategories">
              <a href="/drogeria/foto-i-artykuly-biurowe,89127,k6208">
               Baterie i ładowarki
              </a>
             </div>
            </li>
           </ul>
           <ul>
            <li>
             <a href="/drogeria/artykuly-dekoracyjne,85111,k4">
              Artykuły dekoracyjne
             </a>
             <div class="subcategories">
              <a href="/drogeria/artykuly-dekoracyjne,85111,k5362">
               Dekoracja domu
              </a>
              <a href="/drogeria/artykuly-dekoracyjne,85111,k5809">
               Party
              </a>
              <a href="/drogeria/artykuly-dekoracyjne,85111,k5804">
               Serwetki
              </a>
              <a href="/drogeria/artykuly-dekoracyjne,85111,k7">
               Świece
              </a>
              <a href="/drogeria/artykuly-dekoracyjne,85111,k5806">
               Świeczniki i szkło
              </a>
             </div>
            </li>
           </ul>
           <ul>
            <li>
             <a href="/drogeria/akcesoria-do-kapieli,85341,k2061">
              Artykuły łazienkowe
             </a>
             <div class="subcategories">
              <a href="/drogeria/akcesoria-do-kapieli,85341,k5393">
               Lusterka
              </a>
              <a href="/drogeria/akcesoria-do-kapieli,85341,k5395">
               Pojemniki
              </a>
             </div>
            </li>
           </ul>
           <ul>
            <li>
             <a href="/drogeria/tekstylia-lazienkowe,85324,k5513">
              Tekstylia łazienkowe
             </a>
             <div class="subcategories">
              <a href="/drogeria/tekstylia-lazienkowe,85324,k5514">
               Ręczniki
              </a>
              <a href="/drogeria/tekstylia-lazienkowe,85324,k5516">
               Ręczniki dla dzieci
              </a>
             </div>
            </li>
           </ul>
          </div>
         </div>
        </div>
        <div class="row">
         <div class="col-lg-3">
          <a class="logo" href="/">
           <img alt="" src="/Resources/Rossmann/img/rossmannlogo.png"/>
          </a>
         </div>
         <div class="col-lg-9 text-right">
          <ul>
           <li>
            <a href="/drogeria-online" id="drogeriamenulink">
             Drogeria Internetowa
            </a>
           </li>
           <li>
            <a href="/promocje">
             Promocje
            </a>
            <ul>
            </ul>
           </li>
           <li>
            <a href="/premiery">
             Premiery
            </a>
            <ul>
            </ul>
           </li>
           <li>
            <a href="/rossne">
             Rossnę!
            </a>
            <ul>
            </ul>
           </li>
           <li>
            <a href="/skarb">
             Skarb
            </a>
            <ul>
            </ul>
           </li>
           <li>
            <a href="/klub">
             Klub
            </a>
            <ul>
            </ul>
           </li>
           <li>
            <a onclick="window.open('/foto','_blank')" style="cursor:pointer!important;">
             Foto
            </a>
            <ul>
            </ul>
           </li>
           <li>
            <a href="/firma">
             FIRMA
            </a>
            <ul>
             <li>
              <a href="/firma/o-firmie/nasze-credo">
               O FIRMIE
              </a>
             </li>
             <li>
              <a href="/firma/pl-pl/Kariera">
               KARIERA
              </a>
             </li>
             <li>
              <a href="/firma/pl-pl/Ekspansja">
               EKSPANSJA
              </a>
             </li>
             <li>
              <a href="/firma/pl-pl/CSR">
               CSR
              </a>
             </li>
             <li>
              <a href="/firma/pl-pl/Biuro-Prasowe">
               BIURO PRASOWE
              </a>
             </li>
             <li>
              <a href="/kontakt">
               KONTAKT
              </a>
             </li>
             <li>
              <a href="http://pp.rossmann.com.pl/PD/OfferFormSite.aspx">
               Złóż ofertę
              </a>
             </li>
            </ul>
           </li>
           <li>
            <a href="/drogerie">
             Znajdź drogerię
            </a>
            <ul>
            </ul>
           </li>
           <li class="redcart pokazsmallcart" data-bind="event: { mouseover: ShowCartDropDown, mouseleave: HideCartDropDown, click: RedirectToCartPage }, component: { name: 'CartDropDown' }">
           </li>
           <li class="reduser pokazuserdata" data-bind="component: { name: 'UserMainMenuDropDown' }">
           </li>
          </ul>
         </div>
         <div class="col-lg-12" id="firma_menu" style="display: none;">
          <section class="firma-submenu text-right" data-bind="component: { name: 'CompanyMenu' }">
          </section>
         </div>
         <div class="col-lg-12">
          <section data-bind="component: { name: 'Searcher', params: { Id: 'search_box' } }" id="search_box" name="searcher" style="height: 58px;">
          </section>
         </div>
        </div>
       </header>
       <!-- END header desktop -->
       <!-- header desktop -->
       <header class="visible-lg" id="header_desktop_fixed">
        <div class="categorylist" id="categorylist2">
         <div class="row">
          <div class="col-lg-12 text-right">
           <p>
            <a class="btn red big" href="/pomoc">
             Pomoc
            </a>
            <a class="btn grey" href="/profil/historia-zamowien">
             Zamówienia
            </a>
            <a class="btn grey" href="/profil/listy-zakupowe">
             Twoje listy
            </a>
           </p>
          </div>
          <div class="col-lg-3">
           <ul>
            <li>
             <a href="/drogeria/makijaz-materialy-reklamowe,86344,k293">
              Makijaż
             </a>
             <div class="subcategories">
              <a href="/drogeria/makijaz-materialy-reklamowe,86340,k7154">
               Oczy
              </a>
              <a href="/drogeria/makijaz-materialy-reklamowe,86344,k7157">
               Paznokcie
              </a>
              <a href="/drogeria/makijaz,86218,k7155">
               Twarz
              </a>
              <a href="/drogeria/oczy,86228,k7156">
               Usta
              </a>
             </div>
            </li>
           </ul>
           <ul>
            <li>
             <a href="/drogeria/pielegnacja-twarzy,86578,k434">
              Pielęgnacja twarzy
             </a>
             <div class="subcategories">
              <a href="/drogeria/pielegnacja-twarzy,86574,k4472">
               Cera dojrzała
              </a>
              <a href="/drogeria/pielegnacja-twarzy,86579,k3258">
               Kosmetyki męskie
              </a>
              <a href="/drogeria/pielegnacja-twarzy,86577,k7047">
               Oczyszczanie
              </a>
              <a href="/drogeria/pielegnacja-twarzy,86578,k3147">
               Pielęgnacja młodej cery
              </a>
              <a href="/drogeria/pielegnacja-twarzy,86578,k3143">
               Pielęgnacja podstawowa
              </a>
              <a href="/drogeria/pielegnacja-twarzy,86576,k3144">
               Pierwsze zmarszczki
              </a>
             </div>
            </li>
           </ul>
           <ul>
            <li>
             <a href="/drogeria/pielegnacja-ciala,86414,k678">
              Pielęgnacja ciała
             </a>
             <div class="subcategories">
              <a href="/drogeria/pielegnacja-ciala,86415,k685">
               Modelowanie sylwetki
              </a>
              <a href="/drogeria/pielegnacja-ciala,86413,k682">
               Pielęgnacja
              </a>
              <a href="/drogeria/pielegnacja-ciala,86414,k7283">
               Produkty brązujące
              </a>
             </div>
            </li>
           </ul>
           <ul>
            <li>
             <a href="/drogeria/pielegnacja-rak,86425,k766">
              Pielęgnacja rąk
             </a>
             <div class="subcategories">
              <a href="/drogeria/pielegnacja-rak,86425,k5838">
               Akcesoria - przybory do pielęgnacji dłoni
              </a>
              <a href="/drogeria/pielegnacja-rak,86424,k5837">
               Pielęgnacja dłoni
              </a>
              <a href="/drogeria/pielegnacja-rak,86425,k5840">
               Pielęgnacja paznokcia
              </a>
             </div>
            </li>
           </ul>
           <ul>
            <li>
             <a href="/drogeria/zapachy-damskie-i-meskie,85867,k5340">
              Zapachy damskie i męskie
             </a>
             <div class="subcategories">
              <a href="/drogeria/zapachy-damskie-i-meskie,85867,k5341">
               Zapachy damskie
              </a>
              <a href="/drogeria/zapachy-damskie-i-meskie,85863,k5342">
               Zapachy męskie
              </a>
             </div>
            </li>
           </ul>
           <ul>
            <li>
             <a href="/drogeria/pielegnacja-wlosow,85656,k575">
              Pielęgnacja włosów
             </a>
             <div class="subcategories">
              <a href="/drogeria/pielegnacja-wlosow,85656,k7129">
               Kuracja intensywna
              </a>
              <a href="/drogeria/pielegnacja-wlosow,85655,k7128">
               Odżywki
              </a>
              <a href="/drogeria/pielegnacja-wlosow,85666,k7127">
               Szampony
              </a>
              <a href="/drogeria/pielegnacja-wlosow,85667,k7126">
               Szampony suche
              </a>
             </div>
            </li>
           </ul>
           <ul>
            <li>
             <a href="/drogeria/koloryzacja-wlosow,85614,k5725">
              Koloryzacja włosów
             </a>
             <div class="subcategories">
              <a href="/drogeria/koloryzacja-wlosow,85615,k5731">
               Koloryzacja półtrwała
              </a>
              <a href="/drogeria/koloryzacja-wlosow,85616,k5729">
               Koloryzacja trwała
              </a>
              <a href="/drogeria/koloryzacja-wlosow,85614,k5738">
               Koloryzacja zmywalna
              </a>
              <a href="/drogeria/koloryzacja-wlosow,85614,k5750">
               Produkty specjalistyczne
              </a>
             </div>
            </li>
           </ul>
           <ul>
            <li>
             <a href="/drogeria/stylizacja-wlosow,85687,k5774">
              Stylizacja włosów
             </a>
             <div class="subcategories">
              <a href="/drogeria/stylizacja-wlosow,85687,k5778">
               Lakiery
              </a>
              <a href="/drogeria/stylizacja-wlosow,85686,k5793">
               Nowoczesne formy aplikacji
              </a>
              <a href="/drogeria/stylizacja-wlosow,85687,k5780">
               Pianki
              </a>
             </div>
            </li>
           </ul>
           <ul>
            <li>
             <a href="/drogeria/zywnosc-dla-dzieci,86315,k6110">
              Żywność dla dzieci
             </a>
             <div class="subcategories">
              <a href="/drogeria/zywnosc-dla-dzieci,86316,k6111">
               Desery
              </a>
              <a href="/drogeria/zywnosc-dla-dzieci,86316,k6112">
               Herbatki
              </a>
              <a href="/drogeria/zywnosc-dla-dzieci,86314,k6113">
               Kaszki i kleiki
              </a>
              <a href="/drogeria/zywnosc-dla-dzieci,86312,k6114">
               Mleka modyfikowane
              </a>
              <a href="/drogeria/zywnosc-dla-dzieci,86317,k6115">
               Napoje
              </a>
              <a href="/drogeria/zywnosc-dla-dzieci,86315,k6740">
               Obiadki
              </a>
             </div>
            </li>
           </ul>
           <ul>
            <li>
             <a href="/drogeria/pielegnacja-dziecieca,86293,k6075">
              Pielęgnacja dziecięca
             </a>
             <div class="subcategories">
              <a href="/drogeria/pielegnacja-dziecieca,86291,k7234">
               Chusteczki dla dzieci
              </a>
              <a href="/drogeria/akcesoria-dla-dzieci,86292,k7233">
               Higiena dzieci
              </a>
              <a href="/drogeria/akcesoria-dla-dzieci,86292,k7230">
               Pielęgnacja naturalna
              </a>
              <a href="/drogeria/pielegnacja-dziecieca,86293,k7231">
               Pielęgnacja podstawowa
              </a>
              <a href="/drogeria/akcesoria-dla-dzieci,86292,k7229">
               Pielęgnacja specjalna
              </a>
              <a href="/drogeria/pielegnacja-dziecieca,86293,k6078">
               Produkty na odparzenia
              </a>
              <a href="/drogeria/akcesoria-dla-dzieci,86292,k7232">
               Zabawa w kąpieli
              </a>
             </div>
            </li>
           </ul>
           <ul>
            <li>
             <a href="/drogeria/pieluchy,86850,k6095">
              Pieluchy
             </a>
             <div class="subcategories">
              <a href="/drogeria/pieluchy,86851,k6738">
               Pieluchomajtki
              </a>
              <a href="/drogeria/pieluchy,86851,k6739">
               Pieluchy do pływania
              </a>
              <a href="/drogeria/pieluchy,86850,k6737">
               Pieluchy jednorazowe
              </a>
             </div>
            </li>
           </ul>
           <ul>
            <li>
             <a href="/drogeria/higiena-jamy-ustnej,86767,k268">
              Higiena jamy ustnej
             </a>
             <div class="subcategories">
              <a href="/drogeria/higiena-jamy-ustnej,86768,k5638">
               Higiena przestrzeni międzyzębowych
              </a>
              <a href="/drogeria/higiena-jamy-ustnej,86767,k275">
               Odświeżacze do ust
              </a>
              <a href="/drogeria/higiena-jamy-ustnej,86766,k279">
               Pasty do zębów
              </a>
              <a href="/drogeria/higiena-jamy-ustnej,86768,k277">
               Płyny do płukania ust
              </a>
              <a href="/drogeria/higiena-jamy-ustnej,86767,k284">
               Preparaty do protez zębowych
              </a>
              <a href="/drogeria/higiena-jamy-ustnej,86767,k287">
               Szczoteczki do zębów
              </a>
             </div>
            </li>
           </ul>
           <ul>
            <li>
             <a href="/drogeria/golenie,86394,k659">
              Golenie
             </a>
             <div class="subcategories">
              <a href="/drogeria/golenie,86394,k660">
               Kosmetyki do golenia
              </a>
              <a href="/drogeria/golenie,86396,k673">
               Kosmetyki po goleniu
              </a>
              <a href="/drogeria/golenie,86395,k669">
               Przyrządy do golenia
              </a>
             </div>
            </li>
           </ul>
          </div>
          <div class="col-lg-3">
           <ul>
            <li>
             <a href="/drogeria/mycie-i-kapiel,86202,k725">
              Mycie i kąpiel
             </a>
             <div class="subcategories">
              <a href="/drogeria/mycie-i-kapiel,86200,k7279">
               Peelingi
              </a>
              <a href="/drogeria/mycie-i-kapiel,86200,k730">
               Preparaty kąpielowe
              </a>
              <a href="/drogeria/mycie-i-kapiel,86203,k726">
               Żele pod prysznic
              </a>
             </div>
            </li>
           </ul>
           <ul>
            <li>
             <a href="/drogeria/higiena-intymna,86152,k6358">
              Higiena intymna
             </a>
             <div class="subcategories">
              <a href="/drogeria/higiena-intymna,86152,k7212">
               Chusteczki do higieny intymnej
              </a>
              <a href="/drogeria/higiena-intymna,86149,k6365">
               Inkontynencja
              </a>
              <a href="/drogeria/higiena-intymna,86151,k7209">
               Płyny do higieny intymnej
              </a>
              <a href="/drogeria/higiena-intymna,86150,k7215">
               Podpaski
              </a>
              <a href="/drogeria/higiena-intymna,86152,k6368">
               Sex
              </a>
              <a href="/drogeria/higiena-intymna,86151,k7269">
               Tampony
              </a>
              <a href="/drogeria/higiena-intymna,86148,k7274">
               Wkładki
              </a>
             </div>
            </li>
           </ul>
           <ul>
            <li>
             <a href="/drogeria/dezodoranty-antyperspiracyjne,86181,k5642">
              Dezodoranty antyperspiracyjne
             </a>
             <div class="subcategories">
              <a href="/drogeria/dezodoranty-antyperspiracyjne,86181,k5643">
               Damskie
              </a>
              <a href="/drogeria/dezodoranty-antyperspiracyjne,86183,k5644">
               Męskie
              </a>
              <a href="/drogeria/dezodoranty-antyperspiracyjne,86182,k7198">
               Specjalistyczne
              </a>
             </div>
            </li>
           </ul>
           <ul>
            <li>
             <a href="/drogeria/pranie-i-plukanie,85935,k6236">
              Pranie i płukanie
             </a>
             <div class="subcategories">
              <a href="/drogeria/pranie-i-plukanie,85935,k6237">
               Dodatki do prania
              </a>
              <a href="/drogeria/pranie-i-plukanie,85937,k6240">
               Płukanie tkanin
              </a>
              <a href="/drogeria/pranie-i-plukanie,85937,k6242">
               Pranie i płukanie tkanin dziecięcych
              </a>
              <a href="/drogeria/pranie-i-plukanie,85935,k6247">
               Pranie tkanin delikatnych
              </a>
              <a href="/drogeria/pranie-i-plukanie,85936,k6250">
               Pranie tkanin zwykłych
              </a>
             </div>
            </li>
           </ul>
           <ul>
            <li>
             <a href="/drogeria/czystosc-w-domu,85957,k6187">
              Czystość w domu
             </a>
             <div class="subcategories">
              <a href="/drogeria/czystosc-w-domu,85958,k6188">
               Czyszczenie specjalistyczne
              </a>
              <a href="/drogeria/czystosc-w-domu,85958,k6189">
               Czyszczenie uniwersalne
              </a>
              <a href="/drogeria/czystosc-w-domu,85958,k6190">
               Meble
              </a>
              <a href="/drogeria/czystosc-w-domu,85959,k6191">
               Podłogi - dywany
              </a>
              <a href="/drogeria/czystosc-w-domu,85960,k6192">
               Szyby
              </a>
              <a href="/drogeria/czystosc-w-domu,85958,k6193">
               Udrażniacze
              </a>
              <a href="/drogeria/czystosc-w-domu,85957,k6194">
               Wc
              </a>
             </div>
            </li>
           </ul>
           <ul>
            <li>
             <a href="/drogeria/artykuly-papierowe,89862,k6320">
              Artykuły papierowe
             </a>
             <div class="subcategories">
              <a href="/drogeria/artykuly-papierowe,89860,k6321">
               Papiery toaletowe
              </a>
              <a href="/drogeria/artykuly-papierowe,89862,k6324">
               Rolki kuchenne
              </a>
             </div>
            </li>
           </ul>
           <ul>
            <li>
             <a href="/drogeria/zdrowe-odzywianie,85717,k5554">
              Zdrowe odżywianie
             </a>
             <div class="subcategories">
              <a href="/drogeria/zdrowe-odzywianie,85715,k5555">
               Bakalie
              </a>
              <a href="/drogeria/zdrowe-odzywianie,85719,k5557">
               Napoje
              </a>
              <a href="/drogeria/zdrowe-odzywianie,85719,k6588">
               Produkty bezglutenowe
              </a>
              <a href="/drogeria/zdrowe-odzywianie,85716,k5558">
               Przetwory
              </a>
              <a href="/drogeria/zdrowe-odzywianie,85717,k5560">
               Słodycze
              </a>
              <a href="/drogeria/zdrowe-odzywianie,85718,k5559">
               Wyroby zbożowe
              </a>
             </div>
            </li>
           </ul>
           <ul>
            <li>
             <a href="/drogeria/parafarmaceutyki,85706,k554">
              Parafarmaceutyki
             </a>
             <div class="subcategories">
              <a href="/drogeria/parafarmaceutyki,85706,k5453">
               Apteczka
              </a>
              <a href="/drogeria/parafarmaceutyki,85706,k4454">
               Okulistyka
              </a>
              <a href="/drogeria/parafarmaceutyki,85705,k5442">
               Problemy pokarmowe
              </a>
              <a href="/drogeria/parafarmaceutyki,85705,k5444">
               Suplementy i witaminy
              </a>
              <a href="/drogeria/parafarmaceutyki,85704,k5438">
               Środki na przeziębienie
              </a>
              <a href="/drogeria/parafarmaceutyki,85704,k5440">
               Środki przeciwbólowe
              </a>
             </div>
            </li>
           </ul>
           <ul>
            <li>
             <a href="/drogeria/pokarm-dla-zwierzat,86370,k6421">
              Pokarm dla zwierząt
             </a>
             <div class="subcategories">
              <a href="/drogeria/pokarm-dla-zwierzat,86371,k6567">
               Akcesoria
              </a>
              <a href="/drogeria/pokarm-dla-zwierzat,86370,k6424">
               Koty
              </a>
              <a href="/drogeria/pokarm-dla-zwierzat,86372,k6430">
               Psy
              </a>
             </div>
            </li>
           </ul>
           <ul>
            <li>
             <a href="/drogeria/depilacja,86391,k780">
              Depilacja
             </a>
             <div class="subcategories">
              <a href="/drogeria/depilacja,86390,k781">
               Depilacja chemiczna
              </a>
              <a href="/drogeria/depilacja,86391,k5572">
               Golenie damskie
              </a>
             </div>
            </li>
           </ul>
           <ul>
            <li>
             <a href="/drogeria/pielegnacja-stop-i-paznokci,86553,k5852">
              Pielęgnacja stóp i paznokci
             </a>
             <div class="subcategories">
              <a href="/drogeria/pielegnacja-stop-i-paznokci,86554,k5858">
               Akcesoria do stóp
              </a>
              <a href="/drogeria/pielegnacja-stop-i-paznokci,86554,k5861">
               Ochrona stopy
              </a>
              <a href="/drogeria/pielegnacja-stop-i-paznokci,86553,k5854">
               Pielęgnacja stóp
              </a>
              <a href="/drogeria/pielegnacja-stop-i-paznokci,86553,k5856">
               Preparaty na problem
              </a>
             </div>
            </li>
           </ul>
           <ul>
            <li>
             <a href="/drogeria/mydla,86186,k5656">
              Mydła
             </a>
             <div class="subcategories">
              <a href="/drogeria/mydla,86186,k5657">
               Mydła w kostce
              </a>
              <a href="/drogeria/mydla,86187,k5658">
               Mydła w płynie
              </a>
             </div>
            </li>
           </ul>
           <ul>
            <li>
             <a href="/drogeria/akcesoria-do-kapieli,85323,k5367">
              Akcesoria do kąpieli
             </a>
             <div class="subcategories">
              <a href="/drogeria/akcesoria-do-kapieli,85323,k5368">
               Gąbki, myjki, szczotki
              </a>
              <a href="/drogeria/akcesoria-do-kapieli,85323,k5370">
               Masażery
              </a>
             </div>
            </li>
           </ul>
          </div>
          <div class="col-lg-3">
           <ul>
            <li>
             <a href="/drogeria/maseczki-pielegnacyjne,86219,k6010">
              Maseczki pielęgnacyjne
             </a>
             <div class="subcategories">
              <a href="/drogeria/maseczki-pielegnacyjne,86219,k6011">
               Maseczki pielęgnacyjne
              </a>
             </div>
            </li>
           </ul>
           <ul>
            <li>
             <a href="/drogeria/pielegnacja-ust,86262,k5907">
              Pielęgnacja ust
             </a>
             <div class="subcategories">
              <a href="/drogeria/pielegnacja-ust,86262,k5908">
               Pielęgnacja ust
              </a>
             </div>
            </li>
           </ul>
           <ul>
            <li>
             <a href="/drogeria/akcesoria-kosmetyczne,86672,k2053">
              Akcesoria kosmetyczne
             </a>
             <div class="subcategories">
              <a href="/drogeria/akcesoria-kosmetyczne,86672,k6982">
               Akcesoria do brwi
              </a>
              <a href="/drogeria/akcesoria-kosmetyczne,86672,k6981">
               Akcesoria do oczu
              </a>
              <a href="/drogeria/akcesoria-kosmetyczne,86672,k6980">
               Akcesoria do twarzy
              </a>
              <a href="/drogeria/akcesoria-kosmetyczne,86672,k5384">
               Henny i odżywki
              </a>
             </div>
            </li>
           </ul>
           <ul>
            <li>
             <a href="/drogeria/akcesoria-do-kapieli,85341,k5404">
              Kosmetyczki
             </a>
             <div class="subcategories">
              <a href="/drogeria/akcesoria-do-kapieli,85341,k5405">
               Damska
              </a>
              <a href="/drogeria/akcesoria-do-kapieli,85341,k5407">
               Męska
              </a>
             </div>
            </li>
           </ul>
           <ul>
            <li>
             <a href="/drogeria/materialy-bawelniane,86412,k6372">
              Materiały bawełniane
             </a>
             <div class="subcategories">
              <a href="/drogeria/materialy-bawelniane,86412,k6373">
               Materiały bawełniane
              </a>
             </div>
            </li>
           </ul>
           <ul>
            <li>
             <a href="/drogeria/chusteczki,86404,k6327">
              Chusteczki
             </a>
             <div class="subcategories">
              <a href="/drogeria/chusteczki,86405,k6328">
               Chusteczki higieniczne
              </a>
              <a href="/drogeria/chusteczki,86404,k6330">
               Chusteczki kosmetyczne
              </a>
              <a href="/drogeria/chusteczki,86404,k6332">
               Chusteczki nawilżane
              </a>
             </div>
            </li>
           </ul>
           <ul>
            <li>
             <a href="/drogeria/akcesoria-do-wlosow,85288,k5372">
              Akcesoria do włosów
             </a>
             <div class="subcategories">
              <a href="/drogeria/akcesoria-do-wlosow,85288,k5382">
               Przybory kosmetyczne
              </a>
              <a href="/drogeria/akcesoria-do-wlosow,85288,k5373">
               Szczotki i grzebienie
              </a>
              <a href="/drogeria/akcesoria-do-wlosow,85288,k5376">
               Wałki i papiloty
              </a>
             </div>
            </li>
           </ul>
           <ul>
            <li>
             <a href="/drogeria/ozdoby-do-wlosow,85384,k5433">
              Ozdoby do włosów
             </a>
             <div class="subcategories">
              <a href="/drogeria/ozdoby-do-wlosow,85384,k5434">
               Ozdoby do włosów
              </a>
              <a href="/drogeria/ozdoby-do-wlosow,85384,k5435">
               Ozdoby do włosów dla dzieci
              </a>
              <a href="/drogeria/ozdoby-do-wlosow,85384,k7476">
               Przybory do układania fryzur
              </a>
             </div>
            </li>
           </ul>
           <ul>
            <li>
             <a href="/drogeria/gospodarstwo-domowe,86974,k6334">
              Gospodarstwo domowe
             </a>
             <div class="subcategories">
              <a href="/drogeria/gospodarstwo-domowe,86974,k6335">
               Filtry i dzbanki
              </a>
              <a href="/drogeria/gospodarstwo-domowe,86975,k6338">
               Folie i papiery kuchenne
              </a>
              <a href="/drogeria/gospodarstwo-domowe,86973,k6344">
               Przybory do czyszczenia
              </a>
              <a href="/drogeria/gospodarstwo-domowe,86974,k6348">
               Rękawiczki
              </a>
              <a href="/drogeria/gospodarstwo-domowe,86974,k6351">
               Worki  na odpady
              </a>
             </div>
            </li>
           </ul>
           <ul>
            <li>
             <a href="/drogeria/odswiezacze--preparaty-na-mole-pielegnacja-obuwia,85946,k6260">
              Odświeżacze  -  preparaty na mole - pielęgnacja obuwia
             </a>
             <div class="subcategories">
              <a href="/drogeria/odswiezacze--preparaty-na-mole-pielegnacja-obuwia,85948,k6261">
               Odświeżacze
              </a>
              <a href="/drogeria/odswiezacze--preparaty-na-mole-pielegnacja-obuwia,85946,k6267">
               Pielęgnacja obuwia
              </a>
              <a href="/drogeria/odswiezacze--preparaty-na-mole-pielegnacja-obuwia,85946,k6271">
               Preparaty na mole
              </a>
             </div>
            </li>
           </ul>
           <ul>
            <li>
             <a href="/drogeria/czystosc-w-domu,85960,k6254">
              Zmywanie
             </a>
             <div class="subcategories">
              <a href="/drogeria/czystosc-w-domu,85960,k6255">
               Automatyczne
              </a>
              <a href="/drogeria/czystosc-w-domu,85959,k6256">
               Ręczne
              </a>
             </div>
            </li>
           </ul>
           <ul>
            <li>
             <a href="/drogeria/akcesoria-dla-dzieci,86429,k6039">
              Akcesoria dla dzieci
             </a>
             <div class="subcategories">
              <a href="/drogeria/akcesoria-dla-dzieci,86429,k6040">
               Akcesoria do pielęgnacji
              </a>
              <a href="/drogeria/akcesoria-dla-dzieci,86292,k6041">
               Artykuły higieniczne z bawełną
              </a>
              <a href="/drogeria?s=25391101&amp;k=6759">
               Dekoracje
              </a>
              <a href="/drogeria/akcesoria-dla-dzieci,86429,k6043">
               Karmienie
              </a>
              <a href="/drogeria/akcesoria-dla-dzieci,91351,k6047">
               Nocniki - podesty
              </a>
              <a href="/drogeria/akcesoria-dla-dzieci,86429,k6045">
               Smoczki uspokajające i gryzaki
              </a>
              <a href="/drogeria/akcesoria-dla-dzieci,86429,k6836">
               Środki czystości
              </a>
              <a href="/drogeria/akcesoria-dla-dzieci,86429,k6756">
               Tekstylia
              </a>
              <a href="/drogeria/akcesoria-dla-dzieci,91351,k6754">
               Worki na pieluchy
              </a>
              <a href="/drogeria/akcesoria-dla-dzieci,86429,k6046">
               Zabawki
              </a>
             </div>
            </li>
           </ul>
           <ul>
            <li>
             <a href="/drogeria/zabawki,86854,k5523">
              Zabawki
             </a>
             <div class="subcategories">
              <a href="/drogeria/zabawki,86854,k5528">
               Kreatywne
              </a>
             </div>
            </li>
           </ul>
          </div>
          <div class="col-lg-3">
           <ul>
            <li>
             <a href="/drogeria/kobieta-w-ciazy,86432,k6377">
              Kobieta w ciąży
             </a>
             <div class="subcategories">
              <a href="/drogeria/kobieta-w-ciazy,86432,k6408">
               Pielęgnacja ciała
              </a>
              <a href="/drogeria/kobieta-w-ciazy,86432,k6542">
               Podkłady poporodowe
              </a>
              <a href="/drogeria/kobieta-w-ciazy,86432,k6380">
               Suplementy
              </a>
              <a href="/drogeria/kobieta-w-ciazy,86432,k6378">
               Tekstylia
              </a>
             </div>
            </li>
           </ul>
           <ul>
            <li>
             <a href="/drogeria/przekaski-slodkie-i-slone-gumy-do-zucia-kawa,86451,k5488">
              Przekąski słodkie i słone, gumy do żucia, kawa
             </a>
             <div class="subcategories">
              <a href="/drogeria/napoje-i-zimne-przekaski,86452,k5489">
               Batony i wafle
              </a>
              <a href="/drogeria/napoje-i-zimne-przekaski,86453,k5490">
               Chipsy i snacki
              </a>
              <a href="/drogeria/napoje-i-zimne-przekaski,86452,k5493">
               Ciastka
              </a>
              <a href="/drogeria/napoje-i-zimne-przekaski,86453,k5491">
               Cukierki
              </a>
              <a href="/drogeria/napoje-i-zimne-przekaski,86453,k5492">
               Gumy do żucia
              </a>
              <a href="/drogeria/przekaski-slodkie-i-slone-gumy-do-zucia-kawa,86451,k5494">
               Wyroby czekoladowe
              </a>
             </div>
            </li>
           </ul>
           <ul>
            <li>
             <a href="/drogeria/napoje-i-zimne-przekaski,86452,k5414">
              Napoje i zimne przekąski
             </a>
             <div class="subcategories">
              <a href="/drogeria/napoje-i-zimne-przekaski,86452,k7420">
               Napoje
              </a>
              <a href="/drogeria/napoje-i-zimne-przekaski,86453,k7421">
               Zimne przekąski
              </a>
             </div>
            </li>
           </ul>
           <ul>
            <li>
             <a href="/drogeria/non-food,91952,k483">
              Non food
             </a>
             <div class="subcategories">
              <a href="/drogeria/non-food,90329,k1188">
               Dla domu
              </a>
              <a href="/drogeria/agd-male,90914,k1403">
               Ideenwelt
              </a>
              <a href="/drogeria/non-food,91952,k1233">
               Sezonowe
              </a>
             </div>
            </li>
           </ul>
           <ul>
            <li>
             <a href="/drogeria/ponczosznicze,84864,k5473">
              Pończosznicze
             </a>
             <div class="subcategories">
              <a href="/drogeria/ponczosznicze,84864,k5474">
               Podkolanówki
              </a>
              <a href="/drogeria/ponczosznicze,84863,k5476">
               Pończochy
              </a>
              <a href="/drogeria/ponczosznicze,84863,k5478">
               Rajstopy
              </a>
              <a href="/drogeria/ponczosznicze,84864,k5480">
               Skarpety damskie
              </a>
              <a href="/drogeria/ponczosznicze,84864,k5482">
               Skarpety męskie
              </a>
             </div>
            </li>
           </ul>
           <ul>
            <li>
             <a href="/drogeria/non-food,85391,k5463">
              Parasole
             </a>
             <div class="subcategories">
              <a href="/drogeria/non-food,85391,k5464">
               Laska
              </a>
              <a href="/drogeria/non-food,85391,k5468">
               Mini automatyczny
              </a>
              <a href="/drogeria/non-food,85391,k5466">
               Mini składany
              </a>
             </div>
            </li>
           </ul>
           <ul>
            <li>
             <a href="/drogeria/agd-male,90914,k5353">
              AGD małe
             </a>
             <div class="subcategories">
              <a href="/drogeria/agd-male,90915,k6788">
               Czystość i porządek
              </a>
              <a href="/drogeria/agd-male,90914,k5356">
               Dom
              </a>
              <a href="/drogeria/agd-male,90914,k5354">
               Kuchnia
              </a>
              <a href="/drogeria/agd-male,90914,k5358">
               Pielęgnacja i zdrowie
              </a>
             </div>
            </li>
           </ul>
           <ul>
            <li>
             <a href="/drogeria/artykuly-sezonowe-lato,87910,k5873">
              Artykuły sezonowe lato
             </a>
             <div class="subcategories">
              <a href="/drogeria/artykuly-sezonowe-lato,87909,k5875">
               Preparaty do opalania
              </a>
              <a href="/drogeria/artykuly-sezonowe-lato,87909,k5892">
               Preparaty po opalaniu
              </a>
              <a href="/drogeria/artykuly-sezonowe-lato,87910,k5874">
               Repelenty
              </a>
             </div>
            </li>
           </ul>
           <ul>
            <li>
             <a href="/drogeria/mini-produkty,86919,k5677">
              Mini produkty
             </a>
             <div class="subcategories">
              <a href="/drogeria/mini-produkty,86918,k6438">
               Akcesoria
              </a>
              <a href="/drogeria/mini-produkty,86919,k7506">
               Chusteczki nawilżane
              </a>
              <a href="/drogeria/mini-produkty,86919,k5684">
               Czystość w domu
              </a>
              <a href="/drogeria/mini-produkty,86918,k5702">
               Dezodoranty antyperspiracyjne damskie
              </a>
              <a href="/drogeria/mini-produkty,86918,k5708">
               Dezodoranty antyperspiracyjne męskie
              </a>
              <a href="/drogeria/mini-produkty,86918,k6437">
               Golenie
              </a>
              <a href="/drogeria/mini-produkty,86919,k5692">
               Higiena jamy ustnej
              </a>
              <a href="/drogeria/mini-produkty,86918,k5690">
               Mycie i kąpiel
              </a>
              <a href="/drogeria/mini-produkty,86919,k5688">
               Pielęgnacja ciała
              </a>
              <a href="/drogeria/mini-produkty,86918,k5678">
               Pielęgnacja dzieci
              </a>
              <a href="/drogeria/mini-produkty,86919,k5682">
               Pielęgnacja rąk
              </a>
              <a href="/drogeria/mini-produkty,86919,k5680">
               Pielęgnacja stóp
              </a>
              <a href="/drogeria/mini-produkty,86918,k5686">
               Pielęgnacja twarzy
              </a>
              <a href="/drogeria/mini-produkty,86919,k6439">
               Pielęgnacja włosów
              </a>
             </div>
            </li>
           </ul>
           <ul>
            <li>
             <a href="/drogeria/foto-i-artykuly-biurowe,89127,k6205">
              Foto i artykuły biurowe
             </a>
             <div class="subcategories">
              <a href="/drogeria/foto-i-artykuly-biurowe,89127,k6208">
               Baterie i ładowarki
              </a>
             </div>
            </li>
           </ul>
           <ul>
            <li>
             <a href="/drogeria/artykuly-dekoracyjne,85111,k4">
              Artykuły dekoracyjne
             </a>
             <div class="subcategories">
              <a href="/drogeria/artykuly-dekoracyjne,85111,k5362">
               Dekoracja domu
              </a>
              <a href="/drogeria/artykuly-dekoracyjne,85111,k5809">
               Party
              </a>
              <a href="/drogeria/artykuly-dekoracyjne,85111,k5804">
               Serwetki
              </a>
              <a href="/drogeria/artykuly-dekoracyjne,85111,k7">
               Świece
              </a>
              <a href="/drogeria/artykuly-dekoracyjne,85111,k5806">
               Świeczniki i szkło
              </a>
             </div>
            </li>
           </ul>
           <ul>
            <li>
             <a href="/drogeria/akcesoria-do-kapieli,85341,k2061">
              Artykuły łazienkowe
             </a>
             <div class="subcategories">
              <a href="/drogeria/akcesoria-do-kapieli,85341,k5393">
               Lusterka
              </a>
              <a href="/drogeria/akcesoria-do-kapieli,85341,k5395">
               Pojemniki
              </a>
             </div>
            </li>
           </ul>
           <ul>
            <li>
             <a href="/drogeria/tekstylia-lazienkowe,85324,k5513">
              Tekstylia łazienkowe
             </a>
             <div class="subcategories">
              <a href="/drogeria/tekstylia-lazienkowe,85324,k5514">
               Ręczniki
              </a>
              <a href="/drogeria/tekstylia-lazienkowe,85324,k5516">
               Ręczniki dla dzieci
              </a>
             </div>
            </li>
           </ul>
          </div>
         </div>
        </div>
        <div class="container">
         <div class="gora" id="header_desktop_fixed_gora">
          <div class="row">
           <div class="col-lg-3">
            <a class="logo" href="/">
             <img alt="" src="/Resources/Rossmann/img/rossmannlogo.png"/>
            </a>
           </div>
           <div class="col-lg-9 text-right">
            <ul>
             <li>
              <a href="/drogeria-online" id="drogeriamenulink2">
               Drogeria Internetowa
              </a>
             </li>
             <li>
              <a href="/promocje">
               Promocje
              </a>
              <ul>
              </ul>
             </li>
             <li>
              <a href="/premiery">
               Premiery
              </a>
              <ul>
              </ul>
             </li>
             <li>
              <a href="/rossne">
               Rossnę!
              </a>
              <ul>
              </ul>
             </li>
             <li>
              <a href="/skarb">
               Skarb
              </a>
              <ul>
              </ul>
             </li>
             <li>
              <a href="/klub">
               Klub
              </a>
              <ul>
              </ul>
             </li>
             <li>
              <a onclick="window.open('/foto','_blank')" style="cursor:pointer!important;">
               Foto
              </a>
              <ul>
              </ul>
             </li>
             <li>
              <a href="/firma">
               FIRMA
              </a>
              <ul>
               <li>
                <a href="/firma/o-firmie/nasze-credo">
                 O FIRMIE
                </a>
               </li>
               <li>
                <a href="/firma/pl-pl/Kariera">
                 KARIERA
                </a>
               </li>
               <li>
                <a href="/firma/pl-pl/Ekspansja">
                 EKSPANSJA
                </a>
               </li>
               <li>
                <a href="/firma/pl-pl/CSR">
                 CSR
                </a>
               </li>
               <li>
                <a href="/firma/pl-pl/Biuro-Prasowe">
                 BIURO PRASOWE
                </a>
               </li>
               <li>
                <a href="/kontakt">
                 KONTAKT
                </a>
               </li>
               <li>
                <a href="http://pp.rossmann.com.pl/PD/OfferFormSite.aspx">
                 Złóż ofertę
                </a>
               </li>
              </ul>
             </li>
             <li>
              <a href="/drogerie">
               Znajdź drogerię
              </a>
              <ul>
              </ul>
             </li>
             <li>
              <span class="pokazwyszukiwarke" data-bind="click: ShowSearcher">
               <i class="fa fa-search">
               </i>
              </span>
             </li>
             <li class="redcart pokazsmallcart" data-bind="event: { mouseover: ShowCartDropDown, mouseleave: HideCartDropDown, click: RedirectToCartPage }, component: { name: 'CartDropDown' }">
             </li>
             <li class="reduser pokazuserdata" data-bind="component: { name: 'UserMainMenuDropDown' }">
             </li>
            </ul>
           </div>
          </div>
         </div>
         <div class="row">
          <div class="col-lg-12 hdn" id="firma_menu2">
           <section class="firma-submenu text-right" data-bind="component: { name: 'CompanyMenu' }">
            <ul>
             <li>
              <a href="">
               Kariera
              </a>
             </li>
             <li>
              <a href="">
               Ekspansja
              </a>
             </li>
             <li>
              <a href="">
               CSR
              </a>
             </li>
             <li>
              <a href="">
               O firmie
              </a>
             </li>
             <li>
              <a href="">
               Biuro prasowe
              </a>
             </li>
             <li>
              <a href="">
               PL
              </a>
             </li>
             <li>
              <a href="">
               EN
              </a>
             </li>
             <li>
              <a href="">
               DE
              </a>
             </li>
            </ul>
           </section>
          </div>
          <div class="col-lg-12">
           <section data-bind="component: { name: 'Searcher', params: { Id: 'search_box_fixed' } }" id="search_box_fixed" name="searcher" style="display: block;">
           </section>
          </div>
         </div>
        </div>
       </header>
       <!-- END header desktop -->
      </div>
      <script src="/DesktopModules/RossmannV4Modules/MainMenu/Js/bundle.js?v=20171101">
      </script>
      <script>
       (function () {
        var element = document.getElementById("header_desktop");
        if (element != undefined && /firma/i.test(window.location.pathname)) {
            element.classList.add("header-high");
        }
    })();

    $(document).ready(function () {
        if (/firma/i.test(window.location.pathname)) {
            $('#firma_menu2').removeClass('hdn');
        }
        else
            $('#firma_menu2').addClass('hdn');
    });
      </script>
      <!-- Rossmann -->
      <!-- main -->
      <span id="dnn_main">
       <div class="DnnModule DnnModule-RossmannV4ModulesBannerHtml DnnModule-743">
        <a name="743">
        </a>
        <div class="DNNContainer_noTitle">
         <div id="dnn_ctr743_ContentPane">
          <!-- Start_Module_743 -->
          <div class="DNNModuleContent ModRossmannV4ModulesBannerHtmlC" id="dnn_ctr743_ModuleContent">
           <div class="bannerModule-html">
            <section class="bannerMainSlider">
             <div class="gallery-cell" id="bannerModule_1344">
              <div class="bannerslider-img" style="background-image:url(//www.ros.net.pl/GalleryImages/cms/Banners/636650183841222902.png);background-repeat: no-repeat;background-size: 100%;height:480px;width:1200px;">
               <a href="https://www.rossmann.pl/Produkt/Bulldog-Sensitive-krem-nawilzajacy-do-skory-wrazliwej-100-ml,427414,7099" onclick="Rossmann.Shared.Banner.UpdateBannerStatistics(1344)" target="_self">
               </a>
              </div>
             </div>
             <div class="gallery-cell" id="bannerModule_1345">
              <div class="bannerslider-img" style="background-image:url(//www.ros.net.pl/GalleryImages/cms/Banners/636650185422788691.png);background-repeat: no-repeat;background-size: 100%;height:480px;width:1200px;">
               <a href="https://www.rossmann.pl/Produkt/Christian-Laurent-Pour-La-Forme-infuzyjne-chronoserum-ujedrniajaco-liftingujace-do-ciala-na-noc-,421163,5585" onclick="Rossmann.Shared.Banner.UpdateBannerStatistics(1345)" target="_self">
               </a>
              </div>
             </div>
             <div class="gallery-cell" id="bannerModule_1346">
              <div class="bannerslider-img" style="background-image:url(//www.ros.net.pl/GalleryImages/cms/Banners/636650185531382621.png);background-repeat: no-repeat;background-size: 100%;height:480px;width:1200px;">
               <a href="https://www.rossmann.pl/Produkt/L300-Intensive-Moisture-plyn-micelarny-3w1-cera-sucha-200-ml,431751,7106" onclick="Rossmann.Shared.Banner.UpdateBannerStatistics(1346)" target="_self">
               </a>
              </div>
             </div>
             <div class="gallery-cell" id="bannerModule_1347">
              <div class="bannerslider-img" style="background-image:url(//www.ros.net.pl/GalleryImages/cms/Banners/636650186056071240.png);background-repeat: no-repeat;background-size: 100%;height:480px;width:1200px;">
               <a href="https://www.rossmann.pl/Produkt/Neutrogena-Hydro-Boost-zel-krem-pod-oczy-przeciw-oznakom-zmeczenia-15-ml,430534,7120" onclick="Rossmann.Shared.Banner.UpdateBannerStatistics(1347)" target="_self">
               </a>
              </div>
             </div>
             <div class="gallery-cell" id="bannerModule_1296">
              <div class="bannerslider-img" style="background-image:url(//www.ros.net.pl/GalleryImages/cms/Banners/636621705531810539.jpg);background-repeat: no-repeat;background-size: 100%;height:480px;width:1200px;">
               <a href="https://www.rossmann.pl/drogeria-online" onclick="Rossmann.Shared.Banner.UpdateBannerStatistics(1296)" target="_self">
               </a>
              </div>
             </div>
             <div class="gallery-cell" id="bannerModule_1349">
              <div class="bannerslider-img" style="background-image:url(//www.ros.net.pl/GalleryImages/cms/Banners/636651028376873090.png);background-repeat: no-repeat;background-size: 100%;height:480px;width:1200px;">
               <a href="https://youtu.be/sLWEUTpK7AY" onclick="Rossmann.Shared.Banner.UpdateBannerStatistics(1349)" target="_blank">
               </a>
              </div>
             </div>
            </section>
           </div>
          </div>
          <!-- End_Module_743 -->
         </div>
         <div class="clear">
         </div>
        </div>
       </div>
       <div class="DnnModule DnnModule-RossmannV4ModulesGobeProductsSlider DnnModule-1834">
        <a name="1834">
        </a>
        <div class="DNNContainer_noTitle">
         <div id="dnn_ctr1834_ContentPane">
          <!-- Start_Module_1834 -->
          <div class="DNNModuleContent ModRossmannV4ModulesGobeProductsSliderC" id="dnn_ctr1834_ModuleContent">
           <link href="/DesktopModules/RossmannV4Modules/GobeProductsSlider/css/slider.css?v=23-03-2018" rel="stylesheet" type="text/css"/>
           <section class="padding text-section" id="gobe-main-promotion-slider-html">
            <div class="row">
             <div class="col-md-12 col-lg-12 text-center bighead">
              <h2>
               WYJĄTKOWY PRODUKT
              </h2>
             </div>
            </div>
            <div class="productsslider gobe_slider">
             <div class="gallery-cell">
              <div class="productlist item-height-promotion-slider text-center">
               <div class="gobe_slider-label">
                POLECAMY
               </div>
               <div class="photo">
                <div class="inner">
                 <a href="/Produkt/Dove-Men-Care-Clean-Comfort-dezodorant-w-sprayu-meski-150-ml,426225,5650">
                  <img alt="Dove Men+Care, Clean Comfort, dezodorant w sprayu męski, 150 ml, nr kat. 280152" src="//www.ros.net.pl/GalleryImages/product_photos/338_190/109454_280152_338_190_36027.png"/>
                 </a>
                </div>
               </div>
               <div class="price">
                <span>
                 9,69 zł
                </span>
                <span class="old">
                 14,99 zł
                </span>
                <small>
                 100 ml = 6,46 zł
                </small>
               </div>
               <h4>
                <a href="/Produkt/Dove-Men-Care-Clean-Comfort-dezodorant-w-sprayu-meski-150-ml,426225,5650">
                 Dove Men+Care, Clean Comfort, dezodorant w sprayu męski, 150 ml, nr kat. 280152
                </a>
               </h4>
               <div class="vote_stars" onclick='window.open("/Produkt/Dove-Men-Care-Clean-Comfort-dezodorant-w-sprayu-meski-150-ml,426225,5650#enclosingOpinonsDiv", "_blank");' title="Przeczytaj opinie">
                <div class="rateit" data-rateit-ispreset="false" data-rateit-readonly="true" data-rateit-value="4.1">
                </div>
                <span>
                 (6 opinii)
                </span>
               </div>
               <div data-bind="component: {name: 'cart',params: {productId : 426225}}" style="min-height: 26px;">
               </div>
              </div>
             </div>
             <div class="gallery-cell">
              <div class="productlist item-height-promotion-slider text-center">
               <div class="photo">
                <div class="inner">
                 <a href="/Produkt/Christian-Laurent-Pour-La-Forme-infuzyjne-chronoserum-ujedrniajaco-liftingujace-do-ciala-na-noc-,421163,5585">
                  <img alt="Christian Laurent, Pour La Forme, infuzyjne chronoserum ujędrniająco- liftingujące do ciała na noc, 200 ml, nr kat. 275091" src="//www.ros.net.pl/GalleryImages/product_photos/338_190/116120_275091_338_190_38793.png"/>
                 </a>
                </div>
               </div>
               <div class="price">
                <span>
                 19,49 zł
                </span>
                <span class="old">
                 29,99 zł
                </span>
                <small>
                 100 ml = 9,75 zł
                </small>
               </div>
               <h4>
                <a href="/Produkt/Christian-Laurent-Pour-La-Forme-infuzyjne-chronoserum-ujedrniajaco-liftingujace-do-ciala-na-noc-,421163,5585">
                 Christian Laurent, Pour La Forme, infuzyjne chronoserum ujędrniająco- liftingujące do ciała na noc, 200 ml, nr kat. 275091
                </a>
               </h4>
               <div class="vote_stars" onclick='window.open("/Produkt/Christian-Laurent-Pour-La-Forme-infuzyjne-chronoserum-ujedrniajaco-liftingujace-do-ciala-na-noc-,421163,5585#enclosingOpinonsDiv", "_blank");' title="Przeczytaj opinie">
                <div class="rateit" data-rateit-ispreset="false" data-rateit-readonly="true" data-rateit-value="4.1">
                </div>
                <span>
                 (10 opinii)
                </span>
               </div>
               <div data-bind="component: {name: 'cart',params: {productId : 421163}}" style="min-height: 26px;">
               </div>
              </div>
             </div>
             <div class="gallery-cell">
              <div class="productlist item-height-promotion-slider text-center">
               <div class="photo">
                <div class="inner">
                 <a href="/Produkt/Dermika-Lipid-Intelligence-lipidowy-krem-odzywka-na-noc-cera-ultrasucha-50-ml,425676,7105">
                  <img alt="Dermika, Lipid Intelligence, lipidowy krem-odżywka na noc, cera ultrasucha, 50 ml, nr kat. 279608" src="//www.ros.net.pl/GalleryImages/product_photos/338_190/110128_279608_338_190_36075.png"/>
                 </a>
                </div>
               </div>
               <div class="price">
                <span>
                 51,99 zł
                </span>
                <span class="old">
                 79,99 zł
                </span>
                <small>
                 100 ml = 103,98 zł
                </small>
               </div>
               <h4>
                <a href="/Produkt/Dermika-Lipid-Intelligence-lipidowy-krem-odzywka-na-noc-cera-ultrasucha-50-ml,425676,7105">
                 Dermika, Lipid Intelligence, lipidowy krem-odżywka na noc, cera ultrasucha, 50 ml, nr kat. 279608
                </a>
               </h4>
               <div class="vote_stars" onclick='window.open("/Produkt/Dermika-Lipid-Intelligence-lipidowy-krem-odzywka-na-noc-cera-ultrasucha-50-ml,425676,7105#enclosingOpinonsDiv", "_blank");' title="Przeczytaj opinie">
                <div class="rateit" data-rateit-ispreset="false" data-rateit-readonly="true" data-rateit-value="4.6">
                </div>
                <span>
                 (12 opinii)
                </span>
               </div>
               <div data-bind="component: {name: 'cart',params: {productId : 425676}}" style="min-height: 26px;">
               </div>
              </div>
             </div>
             <div class="gallery-cell">
              <div class="productlist item-height-promotion-slider text-center">
               <div class="photo">
                <div class="inner">
                 <a href="/Produkt/Dermika-Age-Spot-Intelligence-krem-przeciwstarzeniowy-na-dzien-SPF-50-50-ml,425682,7117">
                  <img alt="Dermika, Age &amp; Spot Intelligence, krem przeciwstarzeniowy na dzień, SPF 50, 50 ml, nr kat. 279614" src="//www.ros.net.pl/GalleryImages/product_photos/338_190/153557_279614_338_190_39959.png"/>
                 </a>
                </div>
               </div>
               <div class="price">
                <span>
                 51,99 zł
                </span>
                <span class="old">
                 79,99 zł
                </span>
                <small>
                 100 ml = 103,98 zł
                </small>
               </div>
               <h4>
                <a href="/Produkt/Dermika-Age-Spot-Intelligence-krem-przeciwstarzeniowy-na-dzien-SPF-50-50-ml,425682,7117">
                 Dermika, Age &amp; Spot Intelligence, krem przeciwstarzeniowy na dzień, SPF 50, 50 ml, nr kat. 279614
                </a>
               </h4>
               <div class="vote_stars" onclick='window.open("/Produkt/Dermika-Age-Spot-Intelligence-krem-przeciwstarzeniowy-na-dzien-SPF-50-50-ml,425682,7117#enclosingOpinonsDiv", "_blank");' title="Przeczytaj opinie">
                <div class="rateit" data-rateit-ispreset="false" data-rateit-readonly="true" data-rateit-value="4.4">
                </div>
                <span>
                 (11 opinii)
                </span>
               </div>
               <div data-bind="component: {name: 'cart',params: {productId : 425682}}" style="min-height: 26px;">
               </div>
              </div>
             </div>
             <div class="gallery-cell">
              <div class="productlist item-height-promotion-slider text-center">
               <div class="photo">
                <div class="inner">
                 <a href="/Produkt/Bulldog-Original-Beard-Oil-olejek-do-pielegnacji-brody-30-ml,428034,7511">
                  <img alt="Bulldog, Original Beard Oil, olejek do pielęgnacji brody, 30 ml, nr kat. 281994" src="//www.ros.net.pl/GalleryImages/product_photos/338_190/112456_281994_338_190_37107.png"/>
                 </a>
                </div>
               </div>
               <div class="price">
                <span>
                 21,39 zł
                </span>
                <span class="old">
                 32,99 zł
                </span>
                <small>
                 100 ml = 71,30 zł
                </small>
               </div>
               <h4>
                <a href="/Produkt/Bulldog-Original-Beard-Oil-olejek-do-pielegnacji-brody-30-ml,428034,7511">
                 Bulldog, Original Beard Oil, olejek do pielęgnacji brody, 30 ml, nr kat. 281994
                </a>
               </h4>
               <div class="vote_stars" onclick='window.open("/Produkt/Bulldog-Original-Beard-Oil-olejek-do-pielegnacji-brody-30-ml,428034,7511#enclosingOpinonsDiv", "_blank");' title="Przeczytaj opinie">
                <div class="rateit" data-rateit-ispreset="false" data-rateit-readonly="true" data-rateit-value="4.4">
                </div>
                <span>
                 (11 opinii)
                </span>
               </div>
               <div data-bind="component: {name: 'cart',params: {productId : 428034}}" style="min-height: 26px;">
               </div>
              </div>
             </div>
             <div class="gallery-cell">
              <div class="productlist item-height-promotion-slider text-center">
               <div class="photo">
                <div class="inner">
                 <a href="/Produkt/Neutrogena-Hydro-Boost-zel-krem-pod-oczy-przeciw-oznakom-zmeczenia-15-ml,430534,7120">
                  <img alt="Neutrogena, Hydro Boost, żel-krem pod oczy przeciw oznakom zmęczenia, 15 ml, nr kat. 284460" src="//www.ros.net.pl/GalleryImages/product_photos/338_190/156943_284460_338_190_41110.png"/>
                 </a>
                </div>
               </div>
               <div class="price">
                <span>
                 25,99 zł
                </span>
                <span class="old">
                 39,99 zł
                </span>
                <small>
                 100 ml = 173,27 zł
                </small>
               </div>
               <h4>
                <a href="/Produkt/Neutrogena-Hydro-Boost-zel-krem-pod-oczy-przeciw-oznakom-zmeczenia-15-ml,430534,7120">
                 Neutrogena, Hydro Boost, żel-krem pod oczy przeciw oznakom zmęczenia, 15 ml, nr kat. 284460
                </a>
               </h4>
               <div class="vote_stars">
               </div>
               <div data-bind="component: {name: 'cart',params: {productId : 430534}}" style="min-height: 26px;">
               </div>
              </div>
             </div>
             <div class="gallery-cell">
              <div class="productlist item-height-promotion-slider text-center">
               <div class="photo">
                <div class="inner">
                 <a href="/Produkt/Neutrogena-Hydro-Boost-ekspresowy-spray-do-ciala-200-ml,431338,5585">
                  <img alt="Neutrogena, Hydro Boost, ekspresowy spray do ciała, 200 ml, nr kat. 285178" src="//www.ros.net.pl/GalleryImages/product_photos/338_190/156909_285178_338_190_41110.png"/>
                 </a>
                </div>
               </div>
               <div class="price">
                <span>
                 19,49 zł
                </span>
                <span class="old">
                 29,99 zł
                </span>
                <small>
                 100 ml = 9,75 zł
                </small>
               </div>
               <h4>
                <a href="/Produkt/Neutrogena-Hydro-Boost-ekspresowy-spray-do-ciala-200-ml,431338,5585">
                 Neutrogena, Hydro Boost, ekspresowy spray do ciała, 200 ml, nr kat. 285178
                </a>
               </h4>
               <div class="vote_stars">
               </div>
               <div data-bind="component: {name: 'cart',params: {productId : 431338}}" style="min-height: 26px;">
               </div>
              </div>
             </div>
             <div class="gallery-cell">
              <div class="productlist item-height-promotion-slider text-center">
               <div class="photo">
                <div class="inner">
                 <a href="/Produkt/Celia-Zen-Szen-Essence-krem-przeciwzmarszczkowy-50-50-ml,432869,7106">
                  <img alt="Celia, Żeń-Szeń Essence krem przeciwzmarszczkowy, 50+, 50 ml, nr kat. 286806" src="//www.ros.net.pl/GalleryImages/product_photos/338_190/159563_286806_338_190_41793.png"/>
                 </a>
                </div>
               </div>
               <div class="price">
                <span>
                 7,79 zł
                </span>
                <span class="old">
                 11,99 zł
                </span>
                <small>
                 100 ml = 15,58 zł
                </small>
               </div>
               <h4>
                <a href="/Produkt/Celia-Zen-Szen-Essence-krem-przeciwzmarszczkowy-50-50-ml,432869,7106">
                 Celia, Żeń-Szeń Essence krem przeciwzmarszczkowy, 50+, 50 ml, nr kat. 286806
                </a>
               </h4>
               <div class="vote_stars">
               </div>
               <div data-bind="component: {name: 'cart',params: {productId : 432869}}" style="min-height: 26px;">
               </div>
              </div>
             </div>
             <div class="gallery-cell">
              <div class="productlist item-height-promotion-slider text-center">
               <div class="photo">
                <div class="inner">
                 <a href="/Produkt/Janda-Sila-Szafirowego-Nosnika-dermoindukcyjny-serum-koncentrat-na-dzien-i-na-noc-na-twarz-szyj,432896,7121">
                  <img alt="Janda, Siła Szafirowego Nośnika, dermoindukcyjny serum- koncentrat na dzień i na noc, na twarz, szyję i dekolt, 30 ml, nr kat. 286833" src="//www.ros.net.pl/GalleryImages/product_photos/338_190/158062_286833_338_190_41446.png"/>
                 </a>
                </div>
               </div>
               <div class="price">
                <span>
                 31,79 zł
                </span>
                <span class="old">
                 48,99 zł
                </span>
                <small>
                 100 ml = 105,97 zł
                </small>
               </div>
               <h4>
                <a href="/Produkt/Janda-Sila-Szafirowego-Nosnika-dermoindukcyjny-serum-koncentrat-na-dzien-i-na-noc-na-twarz-szyj,432896,7121">
                 Janda, Siła Szafirowego Nośnika, dermoindukcyjny serum- koncentrat na dzień i na noc, na twarz, szyję i dekolt, 30 ml, nr kat. 286833
                </a>
               </h4>
               <div class="vote_stars">
               </div>
               <div data-bind="component: {name: 'cart',params: {productId : 432896}}" style="min-height: 26px;">
               </div>
              </div>
             </div>
             <div class="gallery-cell">
              <div class="productlist item-height-promotion-slider text-center">
               <div class="photo">
                <div class="inner">
                 <a href="/Produkt/LOreal-Paris-Colorista-Hair-Makeup-Blue-1-szt,433711,5763">
                  <img alt="L’Oréal Paris, Colorista, Hair Makeup, Blue, 1 szt., nr kat. 287716" src="//www.ros.net.pl/GalleryImages/product_photos/338_190/156538_287716_338_190_40882.png"/>
                 </a>
                </div>
               </div>
               <div class="price">
                <span>
                 17,99 zł
                </span>
                <span class="old">
                 27,99 zł
                </span>
                <small>
                 1 szt. = 17,99 zł
                </small>
               </div>
               <h4>
                <a href="/Produkt/LOreal-Paris-Colorista-Hair-Makeup-Blue-1-szt,433711,5763">
                 L’Oréal Paris, Colorista, Hair Makeup, Blue, 1 szt., nr kat. 287716
                </a>
               </h4>
               <div class="vote_stars">
               </div>
               <div data-bind="component: {name: 'cart',params: {productId : 433711}}" style="min-height: 26px;">
               </div>
              </div>
             </div>
            </div>
            <div class="row">
             <div class="col-lg-12 col-md-12 col-sm-12 text-center">
              <a class="wiecej" href="/promocje">
               więcej promocji
              </a>
             </div>
            </div>
           </section>
           <script src="/DesktopModules/RossmannV4Modules/GobeProductsSlider/Js/bundle.js?v=23-03-2018">
           </script>
          </div>
          <script>
           $( document ).ready(function() {
    $('.ModRossmannV4ModulesGobeProductsSliderC').find("a.wiecej").attr("href", "/produkty?status=5");
	$('.ModRossmannV4ModulesGobeProductsSliderC').find("a.wiecej").text("Więcej produktów");
});
          </script>
          <!-- End_Module_1834 -->
         </div>
         <div class="clear">
         </div>
        </div>
       </div>
       <div class="DnnModule DnnModule-RossmannV4ModulesBanner DnnModule-1366">
        <a name="1366">
        </a>
        <div class="DNNContainer_noTitle">
         <div id="dnn_ctr1366_ContentPane">
          <!-- Start_Module_1366 -->
          <div class="DNNModuleContent ModRossmannV4ModulesBannerC" id="dnn_ctr1366_ModuleContent">
           <div class="bannerModule_index-video-top-2" id="bannerModule_index-video-top-2">
            <div data-bind="style: { widht: this.Width + 'px', height: this.Height + 'px' }">
             <div data-bind="component: {
    name: BannerTypeName,
    params: { groupName: GroupName, banners: Banners }
}">
             </div>
            </div>
           </div>
           <script type="text/javascript">
            $(function () {
        Rossmann.Modules.Banner.SetGroupNameId("index-video-top-2", "480", "1200");
    });
           </script>
           <script src="DesktopModules/RossmannV4Modules/Banner/Js/bundle.js">
           </script>
          </div>
          <!-- End_Module_1366 -->
         </div>
         <div class="clear">
         </div>
        </div>
       </div>
       <div class="DnnModule DnnModule-RossmannV4ModulesNewsSliderHtml DnnModule-715">
        <a name="715">
        </a>
        <div class="DNNContainer_noTitle">
         <div id="dnn_ctr715_ContentPane">
          <!-- Start_Module_715 -->
          <div class="DNNModuleContent ModRossmannV4ModulesNewsSliderHtmlC" id="dnn_ctr715_ModuleContent">
           <section class="padding text-section" id="main-news-slider-html">
            <div class="row">
             <div class="col-md-12 col-lg-12 text-center bighead">
              <h2>
               Premiery
              </h2>
             </div>
            </div>
            <div class="productsslider nowosci_slider">
             <div class="gallery-cell">
              <div class="productlist item-height-news-slider text-center">
               <div class="photo">
                <div class="inner">
                 <a href="/Produkt/Maybelline-Super-Stay-blyszczyk-matujacy-Fighter-nr-75-5-ml,426519,7174">
                  <img alt="Maybelline, Super Stay, błyszczyk matujący, Fighter, nr 75, 5 ml, nr kat. 280437" src="//www.ros.net.pl/GalleryImages/product_photos/338_190/161908_280437_338_190_43536.png"/>
                 </a>
                </div>
               </div>
               <h4>
                <a href="/Produkt/Maybelline-Super-Stay-blyszczyk-matujacy-Fighter-nr-75-5-ml,426519,7174">
                 Maybelline, Super Stay, błyszczyk matujący, Fighter, nr 75, 5 ml, nr kat. 280437
                </a>
               </h4>
               <div class="opiniaslider">
                <p>
                 <em>
                  <a href="/Produkt/Maybelline-Super-Stay-blyszczyk-matujacy-Fighter-nr-75-5-ml,426519,7174">
                   Super dla osób, które nie mają czasu na poprawki makijażu w ciągu dnia!
                  </a>
                 </em>
                </p>
                <p>
                 <a href="/nowosci/recenzent,0">
                  <span>
                   emioli777
                  </span>
                 </a>
                </p>
               </div>
               <div class="vote_stars" onclick='window.open("/Produkt/Maybelline-Super-Stay-blyszczyk-matujacy-Fighter-nr-75-5-ml,426519,7174#enclosingOpinonsDiv", "_blank");' title="Przeczytaj opinie">
                <div class="rateit" data-rateit-ispreset="false" data-rateit-readonly="true" data-rateit-value="4.7">
                </div>
                <span>
                 (44 opinie)
                </span>
               </div>
               <div class="price">
                <span>
                 27,59 zł
                </span>
                <span class="old">
                 34,49 zł
                </span>
                <small>
                 100 ml = 551,80 zł
                </small>
               </div>
               <div data-bind="component: {name: 'cart',params: {productId : 426519}}" style="min-height: 26px;">
               </div>
              </div>
             </div>
             <div class="gallery-cell">
              <div class="productlist item-height-news-slider text-center">
               <div class="photo">
                <div class="inner">
                 <a href="/Produkt/Soraya-Beauty-Biotic-nawilzajacy-balsam-bioaktywny-skora-normalna-200-ml,433058,5585">
                  <img alt="Soraya, Beauty Biotic, nawilżający balsam bioaktywny, skóra normalna, 200 ml, nr kat. 286980" src="//www.ros.net.pl/GalleryImages/product_photos/338_190/157142_286980_338_190_41122.png"/>
                 </a>
                </div>
               </div>
               <h4>
                <a href="/Produkt/Soraya-Beauty-Biotic-nawilzajacy-balsam-bioaktywny-skora-normalna-200-ml,433058,5585">
                 Soraya, Beauty Biotic, nawilżający balsam bioaktywny, skóra normalna, 200 ml, nr kat. 286980
                </a>
               </h4>
               <div class="opiniaslider">
                <p>
                 <em>
                  <a href="/Produkt/Soraya-Beauty-Biotic-nawilzajacy-balsam-bioaktywny-skora-normalna-200-ml,433058,5585">
                   Właśnie to sprawia, że my kobiety czujemy się piękne: idealny zapach i jedwabiście gładka skóra!
                  </a>
                 </em>
                </p>
                <p>
                 <a href="/nowosci/recenzent,0">
                  <span>
                   bożena45
                  </span>
                 </a>
                </p>
               </div>
               <div class="vote_stars" onclick='window.open("/Produkt/Soraya-Beauty-Biotic-nawilzajacy-balsam-bioaktywny-skora-normalna-200-ml,433058,5585#enclosingOpinonsDiv", "_blank");' title="Przeczytaj opinie">
                <div class="rateit" data-rateit-ispreset="false" data-rateit-readonly="true" data-rateit-value="4.6">
                </div>
                <span>
                 (44 opinie)
                </span>
               </div>
               <div class="price">
                <span>
                 11,99 zł
                </span>
                <span class="old">
                </span>
                <small>
                 100 ml = 6,00 zł
                </small>
               </div>
               <div data-bind="component: {name: 'cart',params: {productId : 433058}}" style="min-height: 26px;">
               </div>
              </div>
             </div>
             <div class="gallery-cell">
              <div class="productlist item-height-news-slider text-center">
               <div class="photo">
                <div class="inner">
                 <a href="/Produkt/Wilga-R-Martin-i-A-Sanders-Moje-cialo-Mali-Odkrywcy-1-szt,432939,5834">
                  <img alt="Wilga, R. Martin i A. Sanders, Moje ciało, Mali Odkrywcy, 1 szt., nr kat. 286952" src="//www.ros.net.pl/GalleryImages/product_photos/338_190/159905_286952_338_190_41925.png"/>
                 </a>
                </div>
               </div>
               <h4>
                <a href="/Produkt/Wilga-R-Martin-i-A-Sanders-Moje-cialo-Mali-Odkrywcy-1-szt,432939,5834">
                 Wilga, R. Martin i A. Sanders, Moje ciało, Mali Odkrywcy, 1 szt., nr kat. 286952
                </a>
               </h4>
               <div class="price">
                <span>
                 34,99 zł
                </span>
                <span class="old">
                </span>
                <small>
                 1 szt. = 34,99 zł
                </small>
               </div>
              </div>
             </div>
             <div class="gallery-cell">
              <div class="productlist item-height-news-slider text-center">
               <div class="photo">
                <div class="inner">
                 <a href="/Produkt/Maybelline-Master-Chrome-rozswietlacz-metaliczny-nr-100-Molten-Gold-9-g,426529,7419">
                  <img alt="Maybelline, Master Chrome, rozświetlacz metaliczny, nr 100 Molten Gold, 9 g, nr kat. 280453" src="//www.ros.net.pl/GalleryImages/product_photos/338_190/159185_280453_338_190_41638.png"/>
                 </a>
                </div>
               </div>
               <h4>
                <a href="/Produkt/Maybelline-Master-Chrome-rozswietlacz-metaliczny-nr-100-Molten-Gold-9-g,426529,7419">
                 Maybelline, Master Chrome, rozświetlacz metaliczny, nr 100 Molten Gold, 9 g, nr kat. 280453
                </a>
               </h4>
               <div class="opiniaslider">
                <p>
                 <em>
                  <a href="/Produkt/Maybelline-Master-Chrome-rozswietlacz-metaliczny-nr-100-Molten-Gold-9-g,426529,7419">
                   Wyobraź sobie, że promienie słońca otulają twoją twarz, ramiona, dekolt :) Tak właśnie działa rozświetlacz Maybelline!
                  </a>
                 </em>
                </p>
                <p>
                 <a href="/nowosci/recenzent,0">
                  <span>
                   dezirande
                  </span>
                 </a>
                </p>
               </div>
               <div class="vote_stars" onclick='window.open("/Produkt/Maybelline-Master-Chrome-rozswietlacz-metaliczny-nr-100-Molten-Gold-9-g,426529,7419#enclosingOpinonsDiv", "_blank");' title="Przeczytaj opinie">
                <div class="rateit" data-rateit-ispreset="false" data-rateit-readonly="true" data-rateit-value="4.8">
                </div>
                <span>
                 (35 opinii)
                </span>
               </div>
               <div class="price">
                <span>
                 56,99 zł
                </span>
                <span class="old">
                </span>
                <small>
                 1 szt. = 56,99 zł
                </small>
               </div>
               <div data-bind="component: {name: 'cart',params: {productId : 426529}}" style="min-height: 26px;">
               </div>
              </div>
             </div>
             <div class="gallery-cell">
              <div class="productlist item-height-news-slider text-center">
               <div class="photo">
                <div class="inner">
                 <a href="/Produkt/LOreal-Paris-Sugar-Scrubs-peeling-oczyszczajacy-do-twarzy-i-ust-oczyszcza-redukuje-zaskorniki-,427544,7025">
                  <img alt="L’Oréal Paris, Sugar Scrubs, peeling oczyszczający do twarzy i ust, oczyszcza, redukuje zaskórniki, 50 ml, nr kat. 281437" src="//www.ros.net.pl/GalleryImages/product_photos/338_190/157771_281437_338_190_43932.png"/>
                 </a>
                </div>
               </div>
               <h4>
                <a href="/Produkt/LOreal-Paris-Sugar-Scrubs-peeling-oczyszczajacy-do-twarzy-i-ust-oczyszcza-redukuje-zaskorniki-,427544,7025">
                 L’Oréal Paris, Sugar Scrubs, peeling oczyszczający do twarzy i ust, oczyszcza, redukuje zaskórniki, 50 ml, nr kat. 281437
                </a>
               </h4>
               <div class="opiniaslider">
                <p>
                 <em>
                  <a href="/Produkt/LOreal-Paris-Sugar-Scrubs-peeling-oczyszczajacy-do-twarzy-i-ust-oczyszcza-redukuje-zaskorniki-,427544,7025">
                   Świetny peeling na naturalnych składnikach, dający przyjemny relaks i odprężenie bez obaw o podrażnienie. Perełka!
                  </a>
                 </em>
                </p>
                <p>
                 <a href="/nowosci/recenzent,0">
                  <span>
                   AKwiatek13
                  </span>
                 </a>
                </p>
               </div>
               <div class="vote_stars" onclick='window.open("/Produkt/LOreal-Paris-Sugar-Scrubs-peeling-oczyszczajacy-do-twarzy-i-ust-oczyszcza-redukuje-zaskorniki-,427544,7025#enclosingOpinonsDiv", "_blank");' title="Przeczytaj opinie">
                <div class="rateit" data-rateit-ispreset="false" data-rateit-readonly="true" data-rateit-value="4.8">
                </div>
                <span>
                 (48 opinii)
                </span>
               </div>
               <div class="price">
                <span>
                 34,99 zł
                </span>
                <span class="old">
                </span>
                <small>
                 100 ml = 69,98 zł
                </small>
               </div>
               <div data-bind="component: {name: 'cart',params: {productId : 427544}}" style="min-height: 26px;">
               </div>
              </div>
             </div>
             <div class="gallery-cell">
              <div class="productlist item-height-news-slider text-center">
               <div class="photo">
                <div class="inner">
                 <a href="/Produkt/Cztery-Pory-Roku-perelki-do-kapieli-dloni-i-paznokci-urea-i-ekstrakt-z-alg-morskich-60-g,432963,5841">
                  <img alt="Cztery Pory Roku,  perełki do kąpieli dłoni i paznokci, urea i ekstrakt z alg morskich, 60 g, nr kat. 286999" src="//www.ros.net.pl/GalleryImages/product_photos/338_190/157828_286999_338_190_41254.png"/>
                 </a>
                </div>
               </div>
               <h4>
                <a href="/Produkt/Cztery-Pory-Roku-perelki-do-kapieli-dloni-i-paznokci-urea-i-ekstrakt-z-alg-morskich-60-g,432963,5841">
                 Cztery Pory Roku,  perełki do kąpieli dłoni i paznokci, urea i ekstrakt z alg morskich, 60 g, nr kat. 286999
                </a>
               </h4>
               <div class="opiniaslider">
                <p>
                 <em>
                  <a href="/Produkt/Cztery-Pory-Roku-perelki-do-kapieli-dloni-i-paznokci-urea-i-ekstrakt-z-alg-morskich-60-g,432963,5841">
                   Kilka 15-minutowych zabiegów a moje paznokcie się wzmocniły a skórki wokół nich stały się mocniejsze i zdrowsze.
                  </a>
                 </em>
                </p>
                <p>
                 <a href="/nowosci/recenzent,0">
                  <span>
                   darthpaula
                  </span>
                 </a>
                </p>
               </div>
               <div class="vote_stars" onclick='window.open("/Produkt/Cztery-Pory-Roku-perelki-do-kapieli-dloni-i-paznokci-urea-i-ekstrakt-z-alg-morskich-60-g,432963,5841#enclosingOpinonsDiv", "_blank");' title="Przeczytaj opinie">
                <div class="rateit" data-rateit-ispreset="false" data-rateit-readonly="true" data-rateit-value="4.5">
                </div>
                <span>
                 (42 opinie)
                </span>
               </div>
               <div class="price">
                <span>
                 7,99 zł
                </span>
                <span class="old">
                </span>
                <small>
                 100 g = 13,32 zł
                </small>
               </div>
               <div data-bind="component: {name: 'cart',params: {productId : 432963}}" style="min-height: 26px;">
               </div>
              </div>
             </div>
             <div class="gallery-cell">
              <div class="productlist item-height-news-slider text-center">
               <div class="photo">
                <div class="inner">
                 <a href="/Produkt/Janda-Sila-Szafirowego-Nosnika-dermoindukcyjny-krem-na-dzien-redukcja-zmarszczek-rekonstrukcja-g,432893,7117">
                  <img alt="Janda, Siła Szafirowego Nośnika, dermoindukcyjny krem na dzień, redukcja zmarszczek, rekonstrukcja gęstości, 50 ml, nr kat. 286830" src="//www.ros.net.pl/GalleryImages/product_photos/338_190/158059_286830_338_190_41446.png"/>
                 </a>
                </div>
               </div>
               <h4>
                <a href="/Produkt/Janda-Sila-Szafirowego-Nosnika-dermoindukcyjny-krem-na-dzien-redukcja-zmarszczek-rekonstrukcja-g,432893,7117">
                 Janda, Siła Szafirowego Nośnika, dermoindukcyjny krem na dzień, redukcja zmarszczek, rekonstrukcja gęstości, 50 ml, nr kat. 286830
                </a>
               </h4>
               <div class="opiniaslider">
                <p>
                 <em>
                  <a href="/Produkt/Janda-Sila-Szafirowego-Nosnika-dermoindukcyjny-krem-na-dzien-redukcja-zmarszczek-rekonstrukcja-g,432893,7117">
                   Skóra wydaje się świeża i odmłodzona, bardziej elastyczna i miła w dotyku.
                  </a>
                 </em>
                </p>
                <p>
                 <a href="/nowosci/recenzent,0">
                  <span>
                   beatkach17
                  </span>
                 </a>
                </p>
               </div>
               <div class="vote_stars" onclick='window.open("/Produkt/Janda-Sila-Szafirowego-Nosnika-dermoindukcyjny-krem-na-dzien-redukcja-zmarszczek-rekonstrukcja-g,432893,7117#enclosingOpinonsDiv", "_blank");' title="Przeczytaj opinie">
                <div class="rateit" data-rateit-ispreset="false" data-rateit-readonly="true" data-rateit-value="4.9">
                </div>
                <span>
                 (23 opinie)
                </span>
               </div>
               <div class="price">
                <span>
                 42,89 zł
                </span>
                <span class="old">
                 65,99 zł
                </span>
                <small>
                 100 ml = 85,78 zł
                </small>
               </div>
               <div data-bind="component: {name: 'cart',params: {productId : 432893}}" style="min-height: 26px;">
               </div>
              </div>
             </div>
             <div class="gallery-cell">
              <div class="productlist item-height-news-slider text-center">
               <div class="photo">
                <div class="inner">
                 <a href="/Produkt/Mexx-Festival-Summer-woda-toaletowa-dla-kobiet-50-ml,432882,5344">
                  <img alt="Mexx, Festival Summer, woda toaletowa dla kobiet, 50 ml, nr kat. 286819" src="//www.ros.net.pl/GalleryImages/product_photos/338_190/158123_286819_338_190_41452.png"/>
                 </a>
                </div>
               </div>
               <h4>
                <a href="/Produkt/Mexx-Festival-Summer-woda-toaletowa-dla-kobiet-50-ml,432882,5344">
                 Mexx, Festival Summer, woda toaletowa dla kobiet, 50 ml, nr kat. 286819
                </a>
               </h4>
               <div class="price">
                <span>
                 111,99 zł
                </span>
                <span class="old">
                </span>
                <small>
                 100 ml = 223,98 zł
                </small>
               </div>
               <div data-bind="component: {name: 'cart',params: {productId : 432882}}" style="min-height: 26px;">
               </div>
              </div>
             </div>
             <div class="gallery-cell">
              <div class="productlist item-height-news-slider text-center">
               <div class="photo">
                <div class="inner">
                 <a href="/Produkt/LOreal-Paris-Revitalift-Cicacream-przeciwzmarszczkowy-krem-odbudowujacy-pod-oczy-15-ml,432859,7093">
                  <img alt="L’Oréal Paris,  Revitalift Cicacream, przeciwzmarszczkowy krem odbudowujący pod oczy, 15 ml, nr kat. 286796" src="//www.ros.net.pl/GalleryImages/product_photos/338_190/157434_286796_338_190_41212.png"/>
                 </a>
                </div>
               </div>
               <h4>
                <a href="/Produkt/LOreal-Paris-Revitalift-Cicacream-przeciwzmarszczkowy-krem-odbudowujacy-pod-oczy-15-ml,432859,7093">
                 L’Oréal Paris,  Revitalift Cicacream, przeciwzmarszczkowy krem odbudowujący pod oczy, 15 ml, nr kat. 286796
                </a>
               </h4>
               <div class="opiniaslider">
                <p>
                 <em>
                  <a href="/Produkt/LOreal-Paris-Revitalift-Cicacream-przeciwzmarszczkowy-krem-odbudowujacy-pod-oczy-15-ml,432859,7093">
                   Moja skóra pod oczami stała się bardziej napięta a zmarszczki mniej straszyły w lustrze.
                  </a>
                 </em>
                </p>
                <p>
                 <a href="/nowosci/recenzent,0">
                  <span>
                   elzbietazablocka
                  </span>
                 </a>
                </p>
               </div>
               <div class="vote_stars" onclick='window.open("/Produkt/LOreal-Paris-Revitalift-Cicacream-przeciwzmarszczkowy-krem-odbudowujacy-pod-oczy-15-ml,432859,7093#enclosingOpinonsDiv", "_blank");' title="Przeczytaj opinie">
                <div class="rateit" data-rateit-ispreset="false" data-rateit-readonly="true" data-rateit-value="4.8">
                </div>
                <span>
                 (46 opinii)
                </span>
               </div>
               <div class="price">
                <span>
                 44,99 zł
                </span>
                <span class="old">
                </span>
                <small>
                 100 ml = 299,93 zł
                </small>
               </div>
               <div data-bind="component: {name: 'cart',params: {productId : 432859}}" style="min-height: 26px;">
               </div>
              </div>
             </div>
             <div class="gallery-cell">
              <div class="productlist item-height-news-slider text-center">
               <div class="photo">
                <div class="inner">
                 <a href="/Produkt/Palmers-Shea-Formula-nawilzajacy-balsam-do-ciala-z-maslem-shea-250-ml,433120,5585">
                  <img alt="Palmer" balsam="" cia="" do="" formula="" kat.="" mas="" ml="" nawil="" nr="" s="" shea="" src="//www.ros.net.pl/GalleryImages/product_photos/338_190/157754_287057_338_190_41254.png" z=""/>
                 </a>
                </div>
               </div>
               <h4>
                <a href="/Produkt/Palmers-Shea-Formula-nawilzajacy-balsam-do-ciala-z-maslem-shea-250-ml,433120,5585">
                 Palmer's, Shea Formula, nawilżajacy balsam do ciała z masłem shea, 250 ml, nr kat. 287057
                </a>
               </h4>
               <div class="opiniaslider">
                <p>
                 <em>
                  <a href="/Produkt/Palmers-Shea-Formula-nawilzajacy-balsam-do-ciala-z-maslem-shea-250-ml,433120,5585">
                   Otula skórę całego ciała, nadając jej sprężystości i ukojenia.
                  </a>
                 </em>
                </p>
                <p>
                 <a href="/nowosci/recenzent,0">
                  <span>
                   natalle
                  </span>
                 </a>
                </p>
               </div>
               <div class="vote_stars" onclick='window.open("/Produkt/Palmers-Shea-Formula-nawilzajacy-balsam-do-ciala-z-maslem-shea-250-ml,433120,5585#enclosingOpinonsDiv", "_blank");' title="Przeczytaj opinie">
                <div class="rateit" data-rateit-ispreset="false" data-rateit-readonly="true" data-rateit-value="4.6">
                </div>
                <span>
                 (26 opinii)
                </span>
               </div>
               <div class="price">
                <span>
                 17,59 zł
                </span>
                <span class="old">
                 21,99 zł
                </span>
                <small>
                 100 ml = 7,04 zł
                </small>
               </div>
               <div data-bind="component: {name: 'cart',params: {productId : 433120}}" style="min-height: 26px;">
               </div>
              </div>
             </div>
            </div>
            <div class="row">
             <div class="col-lg-12 col-md-12 col-sm-12 text-center">
              <a class="wiecej" href="/premiery">
               więcej premier
              </a>
             </div>
            </div>
           </section>
           <script src="/DesktopModules/RossmannV4Modules/NewsSliderHtml/Js/bundle.js?v=21-10-2016">
           </script>
          </div>
          <!-- End_Module_715 -->
         </div>
         <div class="clear">
         </div>
        </div>
       </div>
       <div class="DnnModule DnnModule-RossmannV4ModulesBannerHtml DnnModule-744">
        <a name="744">
        </a>
        <div class="DNNContainer_noTitle">
         <div id="dnn_ctr744_ContentPane">
          <!-- Start_Module_744 -->
          <div class="DNNModuleContent ModRossmannV4ModulesBannerHtmlC" id="dnn_ctr744_ModuleContent">
           <div class="bannerModule-html">
            <section class="bannerMainSlider">
             <div class="gallery-cell" id="bannerModule_1275">
              <div class="bannerslider-img" style="background-image:url(//www.ros.net.pl/GalleryImages/cms/Banners/636604390835054932.jpg);background-repeat: no-repeat;background-size: 100%;height:480px;width:1200px;">
               <a href="https://www.rossmann.pl/Produkt/Alterra-zel-pod-prysznic-Rokitnik-Bio-i-Olejek-Arganowy-Bio-250-ml,432343,729" onclick="Rossmann.Shared.Banner.UpdateBannerStatistics(1275)" target="_self">
               </a>
              </div>
             </div>
             <div class="gallery-cell" id="bannerModule_1276">
              <div class="bannerslider-img" style="background-image:url(//www.ros.net.pl/GalleryImages/cms/Banners/636604395165661553.jpg);background-repeat: no-repeat;background-size: 100%;height:480px;width:1200px;">
               <a href="https://www.rossmann.pl/Produkt/Dove-Derma-SPA-Oxygen-Touch-balsam-do-ciala-skora-normalna-i-sucha-200-ml,371216,5585" onclick="Rossmann.Shared.Banner.UpdateBannerStatistics(1276)" target="_self">
               </a>
              </div>
             </div>
             <div class="gallery-cell" id="bannerModule_1277">
              <div class="bannerslider-img" style="background-image:url(//www.ros.net.pl/GalleryImages/cms/Banners/636604403726562689.jpg);background-repeat: no-repeat;background-size: 100%;height:480px;width:1200px;">
               <a href="https://www.rossmann.pl/Produkt/Wibo-Marshmallow-aromatyczny-puder-do-twarzy-i-ciala-10-g,432360,7167" onclick="Rossmann.Shared.Banner.UpdateBannerStatistics(1277)" target="_self">
               </a>
              </div>
             </div>
             <div class="gallery-cell" id="bannerModule_1278">
              <div class="bannerslider-img" style="background-image:url(//www.ros.net.pl/GalleryImages/cms/Banners/636604404613277686.jpg);background-repeat: no-repeat;background-size: 100%;height:480px;width:1200px;">
               <a href="https://www.rossmann.pl/Produkt/Soraya-Beauty-Biotic-nawilzajacy-balsam-bioaktywny-skora-normalna-200-ml,433058,5585" onclick="Rossmann.Shared.Banner.UpdateBannerStatistics(1278)" target="_self">
               </a>
              </div>
             </div>
             <div class="gallery-cell" id="bannerModule_1279">
              <div class="bannerslider-img" style="background-image:url(//www.ros.net.pl/GalleryImages/cms/Banners/636604406223114593.jpg);background-repeat: no-repeat;background-size: 100%;height:480px;width:1200px;">
               <a href="https://www.rossmann.pl/Produkt/Maybelline-Super-Stay-blyszczyk-matujacy-nr-65-5-ml,426518,7174" onclick="Rossmann.Shared.Banner.UpdateBannerStatistics(1279)" target="_self">
               </a>
              </div>
             </div>
             <div class="gallery-cell" id="bannerModule_1280">
              <div class="bannerslider-img" style="background-image:url(//www.ros.net.pl/GalleryImages/cms/Banners/636604406767956039.jpg);background-repeat: no-repeat;background-size: 100%;height:480px;width:1200px;">
               <a href="https://www.rossmann.pl/Produkt/LOreal-Paris-Sugar-Scrubs-peeling-oczyszczajacy-do-twarzy-i-ust-oczyszcza-redukuje-zaskorniki-,427544,7025" onclick="Rossmann.Shared.Banner.UpdateBannerStatistics(1280)" target="_self">
               </a>
              </div>
             </div>
            </section>
           </div>
          </div>
          <!-- End_Module_744 -->
         </div>
         <div class="clear">
         </div>
        </div>
       </div>
       <div class="DnnModule DnnModule-DNN_HTML DnnModule-1367 DnnVersionableControl">
        <a name="1367">
        </a>
        <div class="DNNContainer_noTitle">
         <div id="dnn_ctr1367_ContentPane">
          <!-- Start_Module_1367 -->
          <div class="DNNModuleContent ModDNNHTMLC" id="dnn_ctr1367_ModuleContent">
           <div id="dnn_ctr1367_HtmlModule_lblContent">
            <style>
             video{background:white!important;}
            </style>
            <br/>
            <br/>
            <div class="text-center bighead">
             <h2>
              Inspiracje
             </h2>
            </div>
           </div>
          </div>
          <!-- End_Module_1367 -->
         </div>
         <div class="clear">
         </div>
        </div>
       </div>
       <div class="DnnModule DnnModule-RossmannV4ModulesContentList DnnModule-1638">
        <a name="1638">
        </a>
        <div class="DNNContainer_noTitle">
         <div id="dnn_ctr1638_ContentPane">
          <!-- Start_Module_1638 -->
          <div class="DNNModuleContent ModRossmannV4ModulesContentListC" id="dnn_ctr1638_ModuleContent">
           <section id="ArticleList">
            <div class="row">
             <div class="col-md-4 col-xs-6 item">
              <a class="holder" href="/inspiracja/za-co-kochamy-skandynawie-kosmetyki-z-polnocy,1450">
               <div class="img">
                <img alt="" src="//www.ros.net.pl/GalleryImages/LoyaltyProgram/Z-miłości-do-natury-i-ruchu.-Za-co-kochamy-Skandynawię_header__2018-06-01_11-17-28.jpg?v=2018-06-01_11-17-28"/>
               </div>
               <div class="lead">
                <div class="title">
                 Za co kochamy Skandynawię? Kosmetyki z północy
                </div>
                <p>
                 Świat najpierw chciał mieszkać po skandynawsku, potem wyglądać jak Dunki, Szwedki i Norweżki – łączące prosty, ale nienudny styl, z miłością do natury i ruchu.
                </p>
               </div>
               <div class="text-right">
                <span class="btn-ghost">
                 więcej ›
                </span>
               </div>
              </a>
             </div>
             <div class="col-md-4 col-xs-6 item">
              <a class="holder" href="/inspiracja/festiwalowy-niezbednik-co-zabrac-ze-soba,1448">
               <div class="img">
                <img alt="" src="//www.ros.net.pl/GalleryImages/LoyaltyProgram/-Festiwalowy-niezbędnik--co-zabrać-ze-sobą-na-festiwal-_header__2018-05-30_15-39-50.jpg?v=2018-05-30_15-39-50"/>
               </div>
               <div class="lead">
                <div class="title">
                 Festiwalowy niezbędnik: co zabrać ze sobą?
                </div>
                <p>
                 Podczas letnich festiwali najważniejsza jest muzyka, ale równie ważne są kolorowe włosy, szorty i kalosze. Do tego nocne Polaków rozmowy o koncertach, artystach – często w kolejce pod prysznic na polu namiotowym.
                </p>
               </div>
               <div class="text-right">
                <span class="btn-ghost">
                 więcej ›
                </span>
               </div>
              </a>
             </div>
             <div class="col-md-4 col-xs-6 item">
              <a class="holder" href="/inspiracja/aloes-internetowy-celebryta,1454">
               <div class="img">
                <img alt="" src="//www.ros.net.pl/GalleryImages/LoyaltyProgram/Aloes--internetowy-celebryta_header__2018-06-01_13-40-07.jpg?v=2018-06-01_13-40-07"/>
               </div>
               <div class="lead">
                <div class="title">
                 Aloes: internetowy celebryta
                </div>
                <p>
                 Wygląda niepozornie, ale ma cudowne właściwości. W jego liściach kryje się ponad 200 aktywnych składników! Dzięki nim leczy i upiększa.
                </p>
               </div>
               <div class="text-right">
                <span class="btn-ghost">
                 więcej ›
                </span>
               </div>
              </a>
             </div>
            </div>
            <div class="row">
             <div class="col-md-4 col-xs-6 item">
              <a class="holder" href="/inspiracja/luksus-od-christian-laurent,1451">
               <div class="img">
                <img alt="" src="//www.ros.net.pl/GalleryImages/LoyaltyProgram/Luksus-od-Christian-Laurent-_header__2018-06-01_11-25-31.jpg?v=2018-06-01_11-25-31"/>
               </div>
               <div class="lead">
                <div class="title">
                 Luksus od Christian Laurent
                </div>
                <p>
                 Dojrzała skóra potrzebuje pielęgnacji dostosowanej do jej wymagań. Ważne, by nie przegapić momentu, w którym zaczynamy potrzebować czegoś więcej niż nawilżenia.
                </p>
               </div>
               <div class="text-right">
                <span class="btn-ghost">
                 więcej ›
                </span>
               </div>
              </a>
             </div>
             <div class="col-md-4 col-xs-6 item">
              <a class="holder" href="/inspiracja/problemy-skory-cera-nie-calkiem-doskonala,1449">
               <div class="img">
                <img alt="" src="//www.ros.net.pl/GalleryImages/LoyaltyProgram/Problemy-skóry----cera-nie-całkiem-doskonała-_header__2018-06-01_10-53-36.jpg?v=2018-06-01_10-53-36"/>
               </div>
               <div class="lead">
                <div class="title">
                 Problemy skóry -  cera nie całkiem doskonała
                </div>
                <p>
                 Wyciągnęłyśmy z szaf lekkie sukienki, zrobiłyśmy też porządki w kosmetyczce – mocno kryjące podkłady, które świetnie sprawdzały się w zimne dni, poszły do szuflady. Na twarz też chcemy czegoś lżejszego. Ale wówczas mocniej widać wszystkie problemy skóry...
                </p>
               </div>
               <div class="text-right">
                <span class="btn-ghost">
                 więcej ›
                </span>
               </div>
              </a>
             </div>
             <div class="col-md-4 col-xs-6 item">
              <a class="holder" href="/inspiracja/sekrety-perfekcyjnego-makijazu,1453">
               <div class="img">
                <img alt="" src="//www.ros.net.pl/GalleryImages/LoyaltyProgram/Sekrety-perfekcyjnego-makijażu_header__2018-06-01_13-31-24.jpg?v=2018-06-01_13-31-24"/>
               </div>
               <div class="lead">
                <div class="title">
                 Sekrety perfekcyjnego makijażu
                </div>
                <p>
                 Sekretem perfekcyjnego makijażu są nie tylko odpowiednie kosmetyki. Profesjonalne wizażystki kryją w torbie mnóstwo akcesoriów, które mają znaczenie dla efektu końcowego. Spokojnie, nie potrzebujesz walizki pełnej sprzętu – zacznij od podstaw. Podpowiadamy, które pędzle najlepiej sprawdzą się podczas codziennego makijażu.
                </p>
               </div>
               <div class="text-right">
                <span class="btn-ghost">
                 więcej ›
                </span>
               </div>
              </a>
             </div>
            </div>
           </section>
           <link href="/DesktopModules/RossmannV4Modules/ContentList//Css/article-list.css?v=20161206" rel="stylesheet" type="text/css"/>
           <script>
            var __ModuleSettings__ContentList_contentQuantityLimit = 6;
    var __ModuleSettings__ContentList_articleType = 0;
    var __ModuleSettings__ContentList_categoryId = null;
           </script>
           <script src="/DesktopModules/RossmannV4Modules/ContentList/Js/bundle.js?v=20170526">
           </script>
          </div>
          <!-- End_Module_1638 -->
         </div>
         <div class="clear">
         </div>
        </div>
       </div>
       <div class="DnnModule DnnModule-DNN_HTML DnnModule-1652 DnnVersionableControl">
        <a name="1652">
        </a>
        <div class="DNNContainer_noTitle">
         <div id="dnn_ctr1652_ContentPane">
          <!-- Start_Module_1652 -->
          <div class="DNNModuleContent ModDNNHTMLC" id="dnn_ctr1652_ModuleContent">
           <div id="dnn_ctr1652_HtmlModule_lblContent">
            <div class="text-center">
             <a class="wiecej" href="/inspiracje">
              więcej inspiracji
             </a>
            </div>
            <br/>
            <br/>
           </div>
          </div>
          <!-- End_Module_1652 -->
         </div>
         <div class="clear">
         </div>
        </div>
       </div>
       <div class="DnnModule DnnModule-RossmannV4ModulesPromotionSliderHtml DnnModule-716">
        <a name="716">
        </a>
        <div class="DNNContainer_noTitle">
         <div id="dnn_ctr716_ContentPane">
          <!-- Start_Module_716 -->
          <div class="DNNModuleContent ModRossmannV4ModulesPromotionSliderHtmlC" id="dnn_ctr716_ModuleContent">
           <section class="padding text-section" id="main-promotion-slider-html">
            <div class="row">
             <div class="col-md-12 col-lg-12 text-center bighead">
              <h2>
               Promocje
              </h2>
             </div>
            </div>
            <div class="productsslider promocje_slider">
             <div class="gallery-cell">
              <div class="productlist item-height-promotion-slider text-center">
               <div class="photo">
                <div class="inner">
                 <a href="/Produkt/LOreal-Paris-Colorista-Hair-Makeup-Blue-1-szt,433711,5763">
                  <img alt="L’Oréal Paris, Colorista, Hair Makeup, Blue, 1 szt., nr kat. 287716" src="//www.ros.net.pl/GalleryImages/product_photos/338_190/156538_287716_338_190_40882.png"/>
                 </a>
                </div>
               </div>
               <div class="price">
                <span>
                 17,99 zł
                </span>
                <span class="old">
                 27,99 zł
                </span>
                <small>
                 1 szt. = 17,99 zł
                </small>
               </div>
               <h4>
                <a href="/Produkt/LOreal-Paris-Colorista-Hair-Makeup-Blue-1-szt,433711,5763">
                 L’Oréal Paris, Colorista, Hair Makeup, Blue, 1 szt., nr kat. 287716
                </a>
               </h4>
               <div class="vote_stars">
               </div>
               <div data-bind="component: {name: 'cart',params: {productId : 433711}}" style="min-height: 26px;">
               </div>
              </div>
             </div>
             <div class="gallery-cell">
              <div class="productlist item-height-promotion-slider text-center">
               <div class="photo">
                <div class="inner">
                 <a href="/Produkt/Christian-Laurent-Pour-La-Forme-infuzyjne-chronoserum-ujedrniajaco-liftingujace-do-ciala-na-noc-,421163,5585">
                  <img alt="Christian Laurent, Pour La Forme, infuzyjne chronoserum ujędrniająco- liftingujące do ciała na noc, 200 ml, nr kat. 275091" src="//www.ros.net.pl/GalleryImages/product_photos/338_190/116120_275091_338_190_38793.png"/>
                 </a>
                </div>
               </div>
               <div class="price">
                <span>
                 19,49 zł
                </span>
                <span class="old">
                 29,99 zł
                </span>
                <small>
                 100 ml = 9,75 zł
                </small>
               </div>
               <h4>
                <a href="/Produkt/Christian-Laurent-Pour-La-Forme-infuzyjne-chronoserum-ujedrniajaco-liftingujace-do-ciala-na-noc-,421163,5585">
                 Christian Laurent, Pour La Forme, infuzyjne chronoserum ujędrniająco- liftingujące do ciała na noc, 200 ml, nr kat. 275091
                </a>
               </h4>
               <div class="vote_stars" onclick='window.open("/Produkt/Christian-Laurent-Pour-La-Forme-infuzyjne-chronoserum-ujedrniajaco-liftingujace-do-ciala-na-noc-,421163,5585#enclosingOpinonsDiv", "_blank");' title="Przeczytaj opinie">
                <div class="rateit" data-rateit-ispreset="false" data-rateit-readonly="true" data-rateit-value="4.1">
                </div>
                <span>
                 (10 opinii)
                </span>
               </div>
               <div data-bind="component: {name: 'cart',params: {productId : 421163}}" style="min-height: 26px;">
               </div>
              </div>
             </div>
             <div class="gallery-cell">
              <div class="productlist item-height-promotion-slider text-center">
               <div class="photo">
                <div class="inner">
                 <a href="/Produkt/Neutrogena-Hydro-Boost-ekspresowy-spray-do-ciala-200-ml,431338,5585">
                  <img alt="Neutrogena, Hydro Boost, ekspresowy spray do ciała, 200 ml, nr kat. 285178" src="//www.ros.net.pl/GalleryImages/product_photos/338_190/156909_285178_338_190_41110.png"/>
                 </a>
                </div>
               </div>
               <div class="price">
                <span>
                 19,49 zł
                </span>
                <span class="old">
                 29,99 zł
                </span>
                <small>
                 100 ml = 9,75 zł
                </small>
               </div>
               <h4>
                <a href="/Produkt/Neutrogena-Hydro-Boost-ekspresowy-spray-do-ciala-200-ml,431338,5585">
                 Neutrogena, Hydro Boost, ekspresowy spray do ciała, 200 ml, nr kat. 285178
                </a>
               </h4>
               <div class="vote_stars">
               </div>
               <div data-bind="component: {name: 'cart',params: {productId : 431338}}" style="min-height: 26px;">
               </div>
              </div>
             </div>
             <div class="gallery-cell">
              <div class="productlist item-height-promotion-slider text-center">
               <div class="photo">
                <div class="inner">
                 <a href="/Produkt/Celia-Zen-Szen-Essence-krem-przeciwzmarszczkowy-50-50-ml,432869,7106">
                  <img alt="Celia, Żeń-Szeń Essence krem przeciwzmarszczkowy, 50+, 50 ml, nr kat. 286806" src="//www.ros.net.pl/GalleryImages/product_photos/338_190/159563_286806_338_190_41793.png"/>
                 </a>
                </div>
               </div>
               <div class="price">
                <span>
                 7,79 zł
                </span>
                <span class="old">
                 11,99 zł
                </span>
                <small>
                 100 ml = 15,58 zł
                </small>
               </div>
               <h4>
                <a href="/Produkt/Celia-Zen-Szen-Essence-krem-przeciwzmarszczkowy-50-50-ml,432869,7106">
                 Celia, Żeń-Szeń Essence krem przeciwzmarszczkowy, 50+, 50 ml, nr kat. 286806
                </a>
               </h4>
               <div class="vote_stars">
               </div>
               <div data-bind="component: {name: 'cart',params: {productId : 432869}}" style="min-height: 26px;">
               </div>
              </div>
             </div>
             <div class="gallery-cell">
              <div class="productlist item-height-promotion-slider text-center">
               <div class="photo">
                <div class="inner">
                 <a href="/Produkt/Janda-Sila-Szafirowego-Nosnika-dermoindukcyjny-serum-koncentrat-na-dzien-i-na-noc-na-twarz-szyj,432896,7121">
                  <img alt="Janda, Siła Szafirowego Nośnika, dermoindukcyjny serum- koncentrat na dzień i na noc, na twarz, szyję i dekolt, 30 ml, nr kat. 286833" src="//www.ros.net.pl/GalleryImages/product_photos/338_190/158062_286833_338_190_41446.png"/>
                 </a>
                </div>
               </div>
               <div class="price">
                <span>
                 31,79 zł
                </span>
                <span class="old">
                 48,99 zł
                </span>
                <small>
                 100 ml = 105,97 zł
                </small>
               </div>
               <h4>
                <a href="/Produkt/Janda-Sila-Szafirowego-Nosnika-dermoindukcyjny-serum-koncentrat-na-dzien-i-na-noc-na-twarz-szyj,432896,7121">
                 Janda, Siła Szafirowego Nośnika, dermoindukcyjny serum- koncentrat na dzień i na noc, na twarz, szyję i dekolt, 30 ml, nr kat. 286833
                </a>
               </h4>
               <div class="vote_stars">
               </div>
               <div data-bind="component: {name: 'cart',params: {productId : 432896}}" style="min-height: 26px;">
               </div>
              </div>
             </div>
             <div class="gallery-cell">
              <div class="productlist item-height-promotion-slider text-center">
               <div class="photo">
                <div class="inner">
                 <a href="/Produkt/Rexona-Men-Motionsense-antyperspirant-meski-w-sprayu-Active-Shield-75-ml,430631,5650">
                  <img alt="Rexona Men, Motionsense, antyperspirant męski w sprayu, Active Shield, 75 ml, nr kat. 284559" src="//www.ros.net.pl/GalleryImages/product_photos/338_190/116083_284559_338_190_38787.png"/>
                 </a>
                </div>
               </div>
               <div class="price">
                <span>
                 8,79 zł
                </span>
                <span class="old">
                 13,49 zł
                </span>
                <small>
                 100 ml = 11,72 zł
                </small>
               </div>
               <h4>
                <a href="/Produkt/Rexona-Men-Motionsense-antyperspirant-meski-w-sprayu-Active-Shield-75-ml,430631,5650">
                 Rexona Men, Motionsense, antyperspirant męski w sprayu, Active Shield, 75 ml, nr kat. 284559
                </a>
               </h4>
               <div class="vote_stars" onclick='window.open("/Produkt/Rexona-Men-Motionsense-antyperspirant-meski-w-sprayu-Active-Shield-75-ml,430631,5650#enclosingOpinonsDiv", "_blank");' title="Przeczytaj opinie">
                <div class="rateit" data-rateit-ispreset="false" data-rateit-readonly="true" data-rateit-value="4.6">
                </div>
                <span>
                 (60 opinii)
                </span>
               </div>
               <div data-bind="component: {name: 'cart',params: {productId : 430631}}" style="min-height: 26px;">
               </div>
              </div>
             </div>
             <div class="gallery-cell">
              <div class="productlist item-height-promotion-slider text-center">
               <div class="photo">
                <div class="inner">
                 <a href="/Produkt/Neutrogena-Hydro-Boost-zel-krem-pod-oczy-przeciw-oznakom-zmeczenia-15-ml,430534,7120">
                  <img alt="Neutrogena, Hydro Boost, żel-krem pod oczy przeciw oznakom zmęczenia, 15 ml, nr kat. 284460" src="//www.ros.net.pl/GalleryImages/product_photos/338_190/156943_284460_338_190_41110.png"/>
                 </a>
                </div>
               </div>
               <div class="price">
                <span>
                 25,99 zł
                </span>
                <span class="old">
                 39,99 zł
                </span>
                <small>
                 100 ml = 173,27 zł
                </small>
               </div>
               <h4>
                <a href="/Produkt/Neutrogena-Hydro-Boost-zel-krem-pod-oczy-przeciw-oznakom-zmeczenia-15-ml,430534,7120">
                 Neutrogena, Hydro Boost, żel-krem pod oczy przeciw oznakom zmęczenia, 15 ml, nr kat. 284460
                </a>
               </h4>
               <div class="vote_stars">
               </div>
               <div data-bind="component: {name: 'cart',params: {productId : 430534}}" style="min-height: 26px;">
               </div>
              </div>
             </div>
             <div class="gallery-cell">
              <div class="productlist item-height-promotion-slider text-center">
               <div class="photo">
                <div class="inner">
                 <a href="/Produkt/Dermika-Age-Spot-Intelligence-krem-przeciwstarzeniowy-na-dzien-SPF-50-50-ml,425682,7117">
                  <img alt="Dermika, Age &amp; Spot Intelligence, krem przeciwstarzeniowy na dzień, SPF 50, 50 ml, nr kat. 279614" src="//www.ros.net.pl/GalleryImages/product_photos/338_190/153557_279614_338_190_39959.png"/>
                 </a>
                </div>
               </div>
               <div class="price">
                <span>
                 51,99 zł
                </span>
                <span class="old">
                 79,99 zł
                </span>
                <small>
                 100 ml = 103,98 zł
                </small>
               </div>
               <h4>
                <a href="/Produkt/Dermika-Age-Spot-Intelligence-krem-przeciwstarzeniowy-na-dzien-SPF-50-50-ml,425682,7117">
                 Dermika, Age &amp; Spot Intelligence, krem przeciwstarzeniowy na dzień, SPF 50, 50 ml, nr kat. 279614
                </a>
               </h4>
               <div class="vote_stars" onclick='window.open("/Produkt/Dermika-Age-Spot-Intelligence-krem-przeciwstarzeniowy-na-dzien-SPF-50-50-ml,425682,7117#enclosingOpinonsDiv", "_blank");' title="Przeczytaj opinie">
                <div class="rateit" data-rateit-ispreset="false" data-rateit-readonly="true" data-rateit-value="4.4">
                </div>
                <span>
                 (11 opinii)
                </span>
               </div>
               <div data-bind="component: {name: 'cart',params: {productId : 425682}}" style="min-height: 26px;">
               </div>
              </div>
             </div>
             <div class="gallery-cell">
              <div class="productlist item-height-promotion-slider text-center">
               <div class="photo">
                <div class="inner">
                 <a href="/Produkt/Dove-peeling-do-ciala-orzech-makadamia-mleko-ryzowe-225-ml,434274,7281">
                  <img alt="Dove,  peeling do ciała, orzech makadamia &amp; mleko ryżowe, 225 ml, nr kat. 288274" src="//www.ros.net.pl/GalleryImages/product_photos/338_190/157176_288274_338_190_41122.png"/>
                 </a>
                </div>
               </div>
               <div class="price">
                <span class="soon">
                 już wkrótce
                </span>
               </div>
               <h4>
                <a href="/Produkt/Dove-peeling-do-ciala-orzech-makadamia-mleko-ryzowe-225-ml,434274,7281">
                 Dove,  peeling do ciała, orzech makadamia &amp; mleko ryżowe, 225 ml, nr kat. 288274
                </a>
               </h4>
               <div class="vote_stars">
               </div>
              </div>
             </div>
            </div>
            <div class="row">
             <div class="col-lg-12 col-md-12 col-sm-12 text-center">
              <a class="wiecej" href="/promocje">
               więcej promocji
              </a>
             </div>
            </div>
           </section>
           <script src="/DesktopModules/RossmannV4Modules/PromotionSliderHtml/Js/bundle.js?v=02-11-2016">
           </script>
          </div>
          <!-- End_Module_716 -->
         </div>
         <div class="clear">
         </div>
        </div>
       </div>
       <div class="DnnModule DnnModule-RossmannV4ModulesBannerHtml DnnModule-1184">
        <a name="1184">
        </a>
        <div class="DNNContainer_noTitle">
         <div id="dnn_ctr1184_ContentPane">
          <!-- Start_Module_1184 -->
          <div class="DNNModuleContent ModRossmannV4ModulesBannerHtmlC" id="dnn_ctr1184_ModuleContent">
           <div class="bannerModule-html">
           </div>
          </div>
          <!-- End_Module_1184 -->
         </div>
         <div class="clear">
         </div>
        </div>
       </div>
       <div class="DnnModule DnnModule-RossmannV4ModulesBannerHtml DnnModule-746">
        <a name="746">
        </a>
        <div class="DNNContainer_noTitle">
         <div id="dnn_ctr746_ContentPane">
          <!-- Start_Module_746 -->
          <div class="DNNModuleContent ModRossmannV4ModulesBannerHtmlC" id="dnn_ctr746_ModuleContent">
           <div class="bannerModule-html">
            <section class="visible-lg">
             <div class="row" id="bannerModule_1342" style="height:480px;">
              <div class="col-lg-12 col-md-12 col-sm-12">
               <section class="parallax" data-stellar-background-ratio="0.5" data-type="background" id="gazetka" style="background-image: url(//www.ros.net.pl/GalleryImages/cms/Banners/636650171837135568.jpg);text-align:left;height:480px;">
                <a href="https://www.rossmann.pl/promocje" onclick="Rossmann.Shared.Banner.UpdateBannerStatistics(1342)" target="_self">
                 <img src="//www.ros.net.pl/GalleryImages/cms/Banners/636650171837291801.png"/>
                </a>
               </section>
              </div>
             </div>
            </section>
            <section class="hidden-lg">
             <div class="row">
              <div class="col-lg-12 col-md-12 col-sm-12" style="position:static">
               <section class="gazetkamob" style="background-image: url(//www.ros.net.pl/GalleryImages/cms/Banners/636650171837135568.jpg);text-align:left">
                <a href="https://www.rossmann.pl/promocje" onclick="Rossmann.Shared.Banner.UpdateBannerStatistics(1342)" target="_self">
                 <img src="//www.ros.net.pl/GalleryImages/cms/Banners/636650171837291801.png"/>
                </a>
               </section>
              </div>
             </div>
            </section>
           </div>
          </div>
          <!-- End_Module_746 -->
         </div>
         <div class="clear">
         </div>
        </div>
       </div>
       <div class="DnnModule DnnModule-DNN_HTML DnnModule-793 DnnVersionableControl">
        <a name="793">
        </a>
       </div>
       <div class="DnnModule DnnModule-RossmannV4ModulesBanner DnnModule-872">
        <a name="872">
        </a>
        <div class="DNNContainer_noTitle">
         <div id="dnn_ctr872_ContentPane">
          <!-- Start_Module_872 -->
          <div class="DNNModuleContent ModRossmannV4ModulesBannerC" id="dnn_ctr872_ModuleContent">
           <div class="bannerModule_index-rossne-video-2" id="bannerModule_index-rossne-video-2">
            <div data-bind="style: { widht: this.Width + 'px', height: this.Height + 'px' }">
             <div data-bind="component: {
    name: BannerTypeName,
    params: { groupName: GroupName, banners: Banners }
}">
             </div>
            </div>
           </div>
           <script type="text/javascript">
            $(function () {
        Rossmann.Modules.Banner.SetGroupNameId("index-rossne-video-2", "490", "1200");
    });
           </script>
           <script src="DesktopModules/RossmannV4Modules/Banner/Js/bundle.js">
           </script>
          </div>
          <!-- End_Module_872 -->
         </div>
         <div class="clear">
         </div>
        </div>
       </div>
       <div class="DnnModule DnnModule-DNN_HTML DnnModule-794 DnnVersionableControl">
        <a name="794">
        </a>
       </div>
       <div class="DnnModule DnnModule-RossmannV4ModulesBannerHtml DnnModule-748">
        <a name="748">
        </a>
        <div class="DNNContainer_noTitle">
         <div id="dnn_ctr748_ContentPane">
          <!-- Start_Module_748 -->
          <div class="DNNModuleContent ModRossmannV4ModulesBannerHtmlC" id="dnn_ctr748_ModuleContent">
           <div class="bannerModule-html">
            <section class="visible-lg">
             <div class="row" id="bannerModule_1328" style="height:570px;">
              <div class="col-lg-12 col-md-12 col-sm-12">
               <section class="parallax" data-stellar-background-ratio="0.5" data-type="background" id="gazetka" style="background-image: url(//www.ros.net.pl/GalleryImages/cms/Banners/636646716230018430.jpg);text-align:left;height:570px;">
                <a href="http://www.rossmann.pl/skarb" onclick="Rossmann.Shared.Banner.UpdateBannerStatistics(1328)" target="_self">
                 <img src="//www.ros.net.pl/GalleryImages/cms/Banners/636646716230018430.png"/>
                </a>
               </section>
              </div>
             </div>
            </section>
            <section class="hidden-lg">
             <div class="row">
              <div class="col-lg-12 col-md-12 col-sm-12" style="position:static">
               <section class="gazetkamob" style="background-image: url(//www.ros.net.pl/GalleryImages/cms/Banners/636646716230018430.jpg);text-align:left">
                <a href="http://www.rossmann.pl/skarb" onclick="Rossmann.Shared.Banner.UpdateBannerStatistics(1328)" target="_self">
                 <img src="//www.ros.net.pl/GalleryImages/cms/Banners/636646716230018430.png"/>
                </a>
               </section>
              </div>
             </div>
            </section>
           </div>
          </div>
          <!-- End_Module_748 -->
         </div>
         <div class="clear">
         </div>
        </div>
       </div>
       <div class="DnnModule DnnModule-RossmannV4ModulesShopsMap DnnModule-713">
        <a name="713">
        </a>
        <div class="DNNContainer_noTitle">
         <div id="dnn_ctr713_ContentPane">
          <!-- Start_Module_713 -->
          <div class="DNNModuleContent ModRossmannV4ModulesShopsMapC" id="dnn_ctr713_ModuleContent">
           <section class="padding text-section drogerie lazy-load" data-event-action="shops-map-component" data-event-name="ShopsMap" id="shops-map">
            <div class="row">
             <div class="col-lg-5 col-md-6 col-sm-5 col-xs-5">
              <a class="circle" href="/drogerie">
               <span>
                Znajdź drogerię
                <img alt="" class="img-lazy-load" src="Resources/Rossmann/img/arrowright.png"/>
               </span>
              </a>
              <div class="form visible-lg" id="shopsMapOptions">
               <div class="row">
                <div class="col-lg-5">
                 <select data-bind="options: RegionsForMap, optionsText: 'Name', optionsCaption: 'Wybierz województwo', value: SelectedRegion">
                 </select>
                </div>
                <div class="col-lg-5">
                 <select data-bind="options: CitiesForRegion, optionsCaption: 'Wybierz miasto', optionsText: 'Name', value: SelectedCity, disable: CityOptionIsActive">
                 </select>
                </div>
                <div class="col-lg-2">
                 <input class="search_btn" data-bind="click: Search" type="submit" value=""/>
                </div>
               </div>
              </div>
             </div>
             <div class="col-lg-7 col-md-6 col-sm-7 col-xs-7">
              <img alt="" class="img-lazy-load hidden-lg" src="Resources/Rossmann/img/mapa/bigmap_transparent.png"/>
              <div class="visible-lg" id="bigmap">
               <img alt="" class="img-lazy-load" id="transparent_map" src="Resources/Rossmann/img/mapa/polska_map.gif" usemap="#polska_map"/>
               <img alt="" class="img-lazy-load" src="Resources/Rossmann/img/mapa/polska_map.png"/>
               <map id="polska_map" name="polska_map">
                <area alt="zachpomorskie" coords="131,21,114,28,99,43,72,49,33,62,9,70,9,102,6,138,1,146,19,167,38,156,47,150,60,144,75,137,90,132,95,139,108,133,122,119,118,109,116,107,124,106,128,98,137,78,136,62,131,43,130,19" href="/drogerie/zachodniopomorskie,32" id="area_zachodnio" shape="poly">
                </area>
                <area alt="lubuskie" coords="89,133,88,146,83,164,82,182,83,200,89,219,99,227,107,235,100,244,97,236,85,240,76,256,69,262,61,260,52,266,37,264,23,254,19,228,25,217,18,187,20,167,31,156,58,146,88,133" href="/drogerie/lubuskie,8" id="area_lubuskie" shape="poly">
                </area>
                <area alt="pomorskie" coords="132,94,148,105,161,103,173,98,185,92,199,85,214,88,230,97,236,97,247,88,253,82,261,72,250,65,247,56,250,41,240,36,226,36,222,36,218,28,211,15,221,21,226,24,230,18,221,7,200,1,181,2,169,4,152,9,133,19,132,39,138,59,137,70,133,93" href="/drogerie/pomorskie,22" id="area_pomorskie" shape="poly">
                </area>
                <area alt="wielkopolskie" coords="129,96,142,102,159,103,156,116,154,136,162,150,160,166,170,170,185,180,206,183,222,191,237,198,231,216,218,232,204,239,200,265,192,271,190,288,178,288,169,270,162,260,156,255,145,258,127,253,112,235,102,226,89,215,83,192,81,174,83,162,90,142,104,135,123,123,122,116,116,109,124,108,129,96" href="/drogerie/wielkopolskie,30" id="area_wielkopolskie" shape="poly">
                </area>
                <area alt="dolnośląskie" coords="38,264,49,263,62,262,70,262,81,245,91,236,97,242,107,231,115,242,129,254,146,255,155,254,166,265,170,275,173,287,162,296,152,313,142,331,133,345,131,352,135,358,126,367,116,371,106,360,93,343,101,335,99,327,90,328,70,318,49,308,43,298,37,304,31,307,26,306,35,278,38,264" href="/drogerie/dolnośląskie,2" id="area_dolnoslaskie" shape="poly">
                </area>
                <area alt="kujawsko-pomorskie" coords="159,104,156,121,159,151,163,164,174,171,195,182,216,190,238,198,248,187,256,163,259,151,267,133,266,122,249,108,237,99,226,94,206,87,197,88,175,95,161,104" href="/drogerie/kujawsko-pomorskie,4" id="area_kujawsko" shape="poly">
                </area>
                <area alt="opolskie" coords="134,346,147,356,166,371,180,384,186,377,186,371,200,362,206,343,213,336,210,323,216,306,214,291,194,290,185,290,174,289,163,298,151,317,139,338,136,345" href="/drogerie/opolskie,16" id="area_opolskie" shape="poly">
                </area>
                <area alt="warm-mazurskie" coords="248,40,267,29,295,37,330,38,371,35,407,32,397,45,405,61,408,76,386,96,360,106,331,116,314,122,301,129,294,133,273,131,268,122,256,112,241,98,250,85,261,74,251,65,247,53,249,40" href="/drogerie/warmińsko-mazurskie,28" id="area_mazurskie" shape="poly">
                </area>
                <area alt="podlaskie" coords="411,30,398,47,406,67,408,75,396,89,382,100,367,105,358,109,360,132,373,149,385,157,399,158,403,171,402,184,415,190,426,190,437,196,438,197,445,187,453,172,464,163,468,141,452,98,445,68,440,44,414,31" href="/drogerie/podlaskie,20" id="area_podlaskie" shape="poly">
                </area>
                <area alt="mazowieckie" coords="357,108,323,119,306,128,299,132,271,131,257,146,251,176,246,192,260,203,279,201,292,215,297,230,313,232,316,247,304,248,309,265,309,275,331,289,347,293,369,295,374,280,365,251,376,240,379,221,393,219,410,214,420,210,434,198,413,189,402,180,405,172,399,163,387,157,370,143,359,132,358,108" href="/drogerie/mazowieckie,14" id="area_mazowieckie" shape="poly">
                </area>
                <area alt="łódzkie" coords="239,199,227,222,219,233,208,239,204,245,202,261,193,273,189,288,204,292,225,296,247,301,259,310,268,315,276,302,284,297,293,288,308,271,306,248,317,246,314,233,300,229,291,226,291,218,286,205,276,202,263,204,249,197,242,195,240,198" href="/drogerie/łódzkie,10" id="area_lodzkie" shape="poly">
                </area>
                <area alt="śląskie" coords="217,296,213,312,209,325,213,338,205,347,203,357,191,367,188,379,218,403,237,429,259,413,256,402,241,385,243,373,253,362,273,343,275,333,267,315,248,302,219,296" href="/drogerie/śląskie,24" id="area_slaskie" shape="poly">
                </area>
                <area alt="świętokrzyskie" coords="267,314,278,335,275,342,298,343,304,364,321,360,345,353,369,331,375,315,371,294,348,293,331,288,309,272,291,289,277,303,267,312" href="/drogerie/świętokrzyskie,26" id="area_swietokrzyskie" shape="poly">
                </area>
                <area alt="małopolskie" coords="276,341,243,374,240,385,252,398,258,417,272,429,276,442,287,445,311,429,329,433,344,425,359,424,341,354,306,366,299,344,277,341" href="/drogerie/małopolskie,12" id="area_malopolskie" shape="poly">
                </area>
                <area alt="podkarpackie" coords="344,356,357,425,379,427,394,440,421,453,435,454,436,447,424,411,459,355,444,345,432,354,403,351,404,344,411,338,399,328,393,315,378,317,344,355" href="/drogerie/podkarpackie,18" id="area_podkarpackie" shape="poly">
                </area>
                <area alt="lubelskie" coords="433,198,418,212,381,223,366,252,373,282,374,318,390,313,409,338,405,348,428,353,444,346,460,355,484,337,490,324,483,301,462,254,456,237,460,210,434,197" href="/drogerie/lubelskie,6" id="area_lubelskie" shape="poly">
                </area>
               </map>
               <ul>
                <li id="pomorskie" style="display: none;">
                 <a href="/drogerie/pomorskie,22">
                  woj. pomorskie
                 </a>
                </li>
                <li id="mazurskie" style="display: none;">
                 <a href="/drogerie/warmińsko-mazurskie,28">
                  woj. warmińsko-mazurskie
                 </a>
                </li>
                <li id="zachodnio" style="display: none;">
                 <a href="/drogerie/zachodniopomorskie,32">
                  woj. zachodnio-pomorskie
                 </a>
                </li>
                <li id="lubuskie" style="display: none;">
                 <a href="/drogerie/lubuskie,8">
                  woj. lubuskie
                 </a>
                </li>
                <li id="podlaskie" style="display: none;">
                 <a href="/drogerie/podlaskie,20">
                  woj. podlaskie
                 </a>
                </li>
                <li id="wielkopolskie" style="display: none;">
                 <a href="/drogerie/wielkopolskie,30">
                  woj. wielkopolskie
                 </a>
                </li>
                <li id="kujawsko" style="display: none;">
                 <a href="/drogerie/kujawsko-pomorskie,4">
                  woj. kujawsko-pomorskie
                 </a>
                </li>
                <li id="mazowieckie" style="display: none;">
                 <a href="/drogerie/mazowieckie,14">
                  woj. mazowieckie
                 </a>
                </li>
                <li id="lodzkie" style="display: none;">
                 <a href="/drogerie/łódzkie,10">
                  woj. łódzkie
                 </a>
                </li>
                <li id="dolnoslaskie" style="display: none;">
                 <a href="/drogerie/dolnośląskie,2">
                  woj. dolnośląskie
                 </a>
                </li>
                <li id="opolskie" style="display: none;">
                 <a href="/drogerie/opolskie,16">
                  woj. opolskie
                 </a>
                </li>
                <li id="slaskie" style="display: none;">
                 <a href="/drogerie/śląskie,24">
                  woj. śląskie
                 </a>
                </li>
                <li id="swietokrzyskie" style="display: none;">
                 <a href="/drogerie/świętokrzyskie,26">
                  woj. świętokrzyskie
                 </a>
                </li>
                <li id="lubelskie" style="display: none;">
                 <a href="/drogerie/lubelskie,6">
                  woj. lubelskie
                 </a>
                </li>
                <li id="malopolskie" style="">
                 <a href="/drogerie/małopolskie,12">
                  woj. małopolskie
                 </a>
                </li>
                <li id="podkarpackie" style="">
                 <a href="/drogerie/podkarpackie,18">
                  woj. podkarpackie
                 </a>
                </li>
               </ul>
              </div>
             </div>
            </div>
            <div class="row hidden-lg" id="shopsMapOptionsSmall">
             <div class="col-lg-12 col-md-12 col-sm-12 col-xs-12">
              <div class="form">
               <div class="row">
                <div class="col-md-5 col-sm-5 col-xs-12">
                 <p>
                  <select data-bind="options: RegionsForMap, optionsText: 'Name', optionsCaption: 'Wybierz województwo', value: SelectedRegion">
                  </select>
                 </p>
                </div>
                <div class="col-md-5 col-sm-5 col-xs-12">
                 <p>
                  <select data-bind="options: CitiesForRegion, optionsCaption: 'Wybierz miasto', optionsText: 'Name', value: SelectedCity, disable: CityOptionIsActive">
                  </select>
                 </p>
                </div>
                <div class="col-md-2 col-sm-2 col-xs-12">
                 <p>
                  <input class="search_btn" data-bind="click: Search" type="submit" value=""/>
                 </p>
                </div>
               </div>
              </div>
             </div>
            </div>
           </section>
           <script src="/DesktopModules/RossmannV4Modules/ShopsMap/Js/bundle.js">
           </script>
          </div>
          <!-- End_Module_713 -->
         </div>
         <div class="clear">
         </div>
        </div>
       </div>
       <div class="DnnModule DnnModule-DNN_HTML DnnModule-714 DnnVersionableControl">
        <a name="714">
        </a>
        <div class="DNNContainer_noTitle">
         <div id="dnn_ctr714_ContentPane">
          <!-- Start_Module_714 -->
          <div class="DNNModuleContent ModDNNHTMLC" id="dnn_ctr714_ModuleContent">
           <div id="dnn_ctr714_HtmlModule_lblContent">
            <section class="nogutter">
             <div class="row">
              <div class="col-lg-4 col-md-4 col-sm-4 col-xs-4 text-center">
               <div class="company">
                <a class="circle_inner" href="/firma/pl-pl/Kariera/Praca/Proces-rekrutacji">
                 <span>
                  Kariera
                  <img alt="" src="/Resources/Rossmann/img/arrowright.png"/>
                 </span>
                </a>
                <a href="/firma/pl-pl/Kariera/Praca/Proces-rekrutacji">
                 <img alt="/Portals/0/Images/kariera.jpg" src="/portals/0/Images/kariera.jpg"/>
                </a>
               </div>
              </div>
              <div class="col-lg-4 col-md-4 col-sm-4 col-xs-4 text-center">
               <div class="company">
                <a class="circle_inner" href="/firma/pl-pl/">
                 <span>
                  Firma Rossmann
                  <img alt="" src="/Resources/Rossmann/img/arrowright.png"/>
                 </span>
                </a>
                <a href="/firma/pl-pl/">
                 <img alt="/Portals/0/Images/firma.jpg" src="/portals/0/Images/firma.jpg"/>
                </a>
               </div>
              </div>
              <div class="col-lg-4 col-md-4 col-sm-4 col-xs-4 text-center">
               <div class="company">
                <a class="circle_inner" href="/firma/pl-pl/Ekspansja/Szukamy-lokali ">
                 <span>
                  Ekspansja
                  <img alt="" src="/Resources/Rossmann/img/arrowright.png"/>
                 </span>
                </a>
                <a href="/firma/pl-pl/Ekspansja/Szukamy-lokali ">
                 <img alt="/Portals/0/Images/EKSPANSJA.jpg" src="/portals/0/Images/EKSPANSJA.jpg"/>
                </a>
               </div>
              </div>
             </div>
            </section>
           </div>
          </div>
          <!-- End_Module_714 -->
         </div>
         <div class="clear">
         </div>
        </div>
       </div>
       <div class="DnnModule DnnModule-RossmannV4ModulesNewsletterSubscribe DnnModule-772">
        <a name="772">
        </a>
        <div class="DNNContainer_noTitle">
         <div id="dnn_ctr772_ContentPane">
          <!-- Start_Module_772 -->
          <div class="DNNModuleContent ModRossmannV4ModulesNewsletterSubscribeC" id="dnn_ctr772_ModuleContent">
           <div id="newsletter-type">
            <div data-bind="
    component: {
        name: ComponentName,
        params: {
            newsletterTypeName: NewsletterTypeName,
            isStandardNewsletter: IsStandardNewsletter
        }
    }">
            </div>
           </div>
           <script type="text/javascript">
            $(function () {
        Rossmann.Modules.NewsletterSubscribe.SetNewsletterType("newsletter-floating", "pływający", "True");
    });
           </script>
           <script type="text/javascript">
            function flow() {
        if ($('#newsletter').hasClass('open')) {
            $('#newsletter').removeClass('open');
            $("#newsletter").stop(true, false).animate({ right: "-452" }, "medium");
        } else {
            $('#newsletter').addClass('open');
            $("#newsletter").stop(true, false).animate({ right: "0" }, "medium");
        }
    }
           </script>
           <script src="/DesktopModules/RossmannV4Modules/NewsletterSubscribe/Js/bundle.js?v=2016-04-04">
           </script>
          </div>
          <!-- End_Module_772 -->
         </div>
         <div class="clear">
         </div>
        </div>
       </div>
       <div class="DnnModule DnnModule-DNN_HTML DnnModule-1111 DnnVersionableControl">
        <a name="1111">
        </a>
       </div>
      </span>
      <!-- END main -->
      <!-- Main podzielony na 2 kolumny Artykuły/Inspiracje -->
      <div class="row">
       <div class="col-lg-9">
        <span class="DNNEmptyPane" id="dnn_main_col_9">
        </span>
       </div>
       <div class="col-lg-3">
        <aside id="ArticleAside">
         <span class="DNNEmptyPane" id="dnn_main_col_3">
         </span>
        </aside>
       </div>
      </div>
      <!-- END Main podzielony na 2 kolumny Artykuły/Inspiracje -->
      <!-- Main podzielony na 2 kolumny (2+10) Profil Rossnę -->
      <div class="row">
       <span class="col-lg-2 DNNEmptyPane" id="dnn_main_lpanel_col_2">
       </span>
       <span class="col-lg-10 DNNEmptyPane" id="dnn_main_lpanel_col_10">
       </span>
      </div>
      <!-- END Main podzielony na 2 kolumny Artykuły/Inspiracje -->
      <!-- konkursy -->
      <div class="row">
       <span class="col-lg-6 konkursy_left dn DNNEmptyPane" id="dnn_konkursy_left">
       </span>
       <span class="col-lg-6 konkursy_right dn DNNEmptyPane" id="dnn_konkursy_right">
       </span>
      </div>
      <!-- END konkursy -->
      <!-- firma -->
      <span class="firma_left dn DNNEmptyPane" id="dnn_firma_left">
      </span>
      <span class="firma_right dn DNNEmptyPane" id="dnn_firma_right">
      </span>
      <!-- END firma -->
      <!-- Footer -->
      <footer id="footer">
       <div class="row">
        <div class="col-lg-12 text-center">
         <p>
          <img alt="" src="/Resources/Rossmann/img/rossmann_white.png"/>
         </p>
        </div>
       </div>
       <div class="row menus panel-group" id="FooterNav">
        <div class="col-sm-3 panel">
         <div class="panel-heading">
          <h4 class="panel-title">
           <a data-parent="#FooterNav" data-toggle="collapse" href="#footer-collapse-1">
            Wygodniejsze zakupy
            <i aria-hidden="true" class="fa fa-chevron-down">
            </i>
           </a>
          </h4>
         </div>
         <div class="panel-collapse collapse in" id="footer-collapse-1">
          <ul>
           <li class="list-group-item dropdown-toggle">
            <a href="/nowosci">
             Nowości
            </a>
           </li>
           <li class="list-group-item dropdown-toggle">
            <a href="/promocje">
             Promocje
            </a>
           </li>
           <li class="list-group-item dropdown-toggle">
            <a href="/rossne">
             Rossnę!
            </a>
           </li>
           <li class="list-group-item dropdown-toggle">
            <a href="/skarb">
             Skarb
            </a>
           </li>
           <li class="list-group-item dropdown-toggle">
            <a href="/konkursy">
             Konkursy
            </a>
           </li>
           <li class="list-group-item dropdown-toggle">
            <a href="http://www.rossmann.pl/foto" target="_blank">
             FOTO
            </a>
           </li>
           <li class="list-group-item dropdown-toggle">
            <a href="/drogerie">
             Znajdź drogerię
            </a>
           </li>
           <li class="list-group-item dropdown-toggle">
            <a href="/kartapodarunkowa">
             Karta podarunkowa
            </a>
           </li>
          </ul>
         </div>
        </div>
        <div class="col-sm-3 panel">
         <div class="panel-heading">
          <h4 class="panel-title">
           <a data-parent="#FooterNav" data-toggle="collapse" href="#footer-collapse-2">
            Gdy potrzebujesz pomocy
            <i aria-hidden="true" class="fa fa-chevron-down">
            </i>
           </a>
          </h4>
         </div>
         <div class="panel-collapse collapse in" id="footer-collapse-2">
          <ul>
           <li class="list-group-item dropdown-toggle">
            <a href="/pomoc#dzial-3">
             Jak kupować
            </a>
           </li>
           <li class="list-group-item dropdown-toggle">
            <a href="/pomoc">
             Pomoc
            </a>
           </li>
           <li class="list-group-item dropdown-toggle">
            <a href="/pomoc#dzial-4">
             Dostawa
            </a>
           </li>
           <li class="list-group-item dropdown-toggle">
            <a href="/pomoc#dzial-5">
             Płatność
            </a>
           </li>
           <li class="list-group-item dropdown-toggle">
            <a href="/pomoc#dzial-7">
             FAQ
            </a>
           </li>
           <li class="list-group-item dropdown-toggle">
            <a href="/profil/historia-zamowien?page=1">
             Zamówienia
            </a>
           </li>
           <li class="list-group-item dropdown-toggle">
            <a href="/profil/listy-zakupowe">
             Twoje listy
            </a>
           </li>
          </ul>
         </div>
        </div>
        <div class="col-sm-3 panel">
         <div class="panel-heading">
          <h4 class="panel-title">
           <a data-parent="#FooterNav" data-toggle="collapse" href="#footer-collapse-3">
            Twoje konto i regulaminy
            <i aria-hidden="true" class="fa fa-chevron-down">
            </i>
           </a>
          </h4>
         </div>
         <div class="panel-collapse collapse in" id="footer-collapse-3">
          <ul>
           <li class="list-group-item dropdown-toggle">
            <a href="/profil">
             Moje konto
            </a>
           </li>
           <li class="list-group-item dropdown-toggle">
            <a href="/Portals/0/dokumenty/rodo/Polityka_cookies.pdf">
             Polityka cookies
            </a>
           </li>
           <li class="list-group-item dropdown-toggle">
            <a href="/regulamin">
             Regulaminy
            </a>
           </li>
           <li class="list-group-item dropdown-toggle">
            <a href="/karty-charakterystyk">
             Karty charakterystyk
            </a>
           </li>
           <li class="list-group-item dropdown-toggle">
            <a href="/kontakt">
             Kontakt
            </a>
           </li>
          </ul>
         </div>
        </div>
        <div class="col-sm-3 panel">
         <div class="panel-heading">
          <h4 class="panel-title">
           <a data-parent="#FooterNav" data-toggle="collapse" href="#footer-collapse-4">
            Dowiedz się więcej o Rossmannie
            <i aria-hidden="true" class="fa fa-chevron-down">
            </i>
           </a>
          </h4>
         </div>
         <div class="panel-collapse collapse in" id="footer-collapse-4">
          <ul>
           <li class="list-group-item dropdown-toggle">
            <a href="/firma/pl-pl/o-firmie/nasze-credo">
             O firmie
            </a>
           </li>
           <li class="list-group-item dropdown-toggle">
            <a href="/firma/pl-pl/Kariera">
             Kariera
            </a>
           </li>
           <li class="list-group-item dropdown-toggle">
            <a href="/firma/pl-pl/Ekspansja">
             Ekspansja
            </a>
           </li>
           <li class="list-group-item dropdown-toggle">
            <a href="/firma/pl-pl/CSR">
             CSR
            </a>
           </li>
           <li class="list-group-item dropdown-toggle">
            <a href="/firma/pl-pl/Biuro-Prasowe/">
             Biuro prasowe
            </a>
           </li>
           <li class="list-group-item dropdown-toggle">
            <a href="http://pp.rossmann.com.pl/PD/OfferFormSite.aspx">
             Złóż ofertę
            </a>
           </li>
           <li class="list-group-item dropdown-toggle" style="display:-moz-grid-group;display:flex;">
            <a href="/firma/pl-pl">
             PL |
            </a>
            <a href="/firma/en-us">
             EN |
            </a>
            <a href="/firma/de-de">
             DE
            </a>
           </li>
          </ul>
         </div>
        </div>
       </div>
       <link href="/Resources/Rossmann/css/footernav.css" rel="stylesheet"/>
       <script src="/Resources/Rossmann/js/jsglobal.js">
       </script>
       <script>
        $(document).ready(function(){
								if(screenXS())	$('#FooterNav .panel-collapse').removeClass('in')
							});
							$(window).resize(function() {
								if(screenXS()){$('#FooterNav .panel-collapse').removeClass('in')
								}else{$('#FooterNav .panel-collapse').addClass('in')}
							});
       </script>
       <div class="row">
        <div class="col-lg-12 text-center">
         <p class="margin20">
          <a href="" id="gotop">
           <i class="fa fa-chevron-up">
           </i>
          </a>
         </p>
        </div>
       </div>
       <div class="row">
        <div class="col-lg-12 text-center">
         <p class="margin0 white">
          Znajdziesz nas na:
          <a href="https://www.facebook.com/RossmannPL/" target="_blank">
           <img alt="" class="img" src="/Resources/Rossmann/img/social_media/fb-white.png"/>
          </a>
          <a href="https://www.youtube.com/c/RossmannPL" target="_blank">
           <img alt="" class="img" src="/Resources/Rossmann/img/social_media/YouTube_white.png"/>
          </a>
          <a href="https://www.instagram.com/RossmannPL/" target="_blank">
           <img alt="" class="img" src="/Resources/Rossmann/img/social_media/inst_white.png"/>
          </a>
         </p>
        </div>
       </div>
       <div class="row">
        <div class="col-lg-12 text-center">
         <p class="margin0 white">
          Copyrights © 2018 Rossmann SDP. Sp. z o.o.. Wszystkie prawa zastrzeżone
         </p>
        </div>
       </div>
      </footer>
      <!-- Footer - END -->
     </div>
    </div>
   </section>
   <!-- END rossmannplnew -->
   <input id="ScrollTop" name="ScrollTop" type="hidden"/>
   <input autocomplete="off" id="__dnnVariable" name="__dnnVariable" type="hidden" value="`{`__scdoff`:`1`,`sf_siteRoot`:`/`,`sf_tabId`:`55`,`evoq_TabId`:`55`,`evoq_PageLanguage`:`pl-PL`,`evoq_ContentItemId`:`-1`,`evoq_UrlReferrer`:``,`evoq_UrlPath`:`https%3a%2f%2fwww.rossmann.pl%2f`,`evoq_UrlQuery`:`%3fTabId%3d55%26language%3dpl-PL`,`evoq_ContentItemReferrer`:`-1`,`evoq_PersonalizedUrlReferrer`:`-1`,`evoq_DisableAnalytics`:`False`}"/>
   <input name="__RequestVerificationToken" type="hidden" value="HqTJ7fq502_9Z5jXK2daoDA-A0Uygb9l4UiNpFejyfUvfq2MgQy5y6Y8Q_r6EYQ-ftH-0Q2"/>
   <script type="text/javascript">
    //<![CDATA[
(function() {

  var analyticsSettings;
  var initAnalyticsSettings = function (e) {
    analyticsSettings = {
      pageStart: analytics_page_startTime,
      servicesFramework: $.ServicesFramework(-1)
    };
  };
  if(window.addEventListener) {
    window.addEventListener('load', initAnalyticsSettings, false);
  } else {
    window.attachEvent('onload', initAnalyticsSettings);
  };

  var eventName = (window.onpagehide || window.onpagehide === null) ? 'pagehide' : 'unload';
  if (window.addEventListener) {
    window.addEventListener(eventName, function (e) {
      if (analyticsSettings) {
        analyticsSettings.eventSource = 'pagehide';
        if(dnn && dnn.analytics) { dnn.analytics.clientUnloading(e,analyticsSettings); }
      }
    }, false);
  } else {
    window.attachEvent('on' + eventName, function (e) {
      if (analyticsSettings) {
        analyticsSettings.eventSource = 'pagehide';
        if(dnn && dnn.analytics) { dnn.analytics.clientUnloading(e,analyticsSettings); }
      }
    });
  }

})();
//]]>
   </script>
   <script src="/Resources/Shared/scripts/initWidgets.js" type="text/javascript">
   </script>
  </form>
  <script src="/Resources/Rossmann/js/pushymenus.js">
  </script>
  <script src="/Resources/Rossmann/js/bannerModule.js?v=2016-06-15">
  </script>
 </body>
</html>