<!DOCTYPE html PUBLIC "-//W3C//DTD HTML 4.01 Transitional//EN">
<html dir="LTR" lang="de">
 <head>
  <meta content="text/html; charset=utf-8" http-equiv="Content-Type"/>
  <title>
   AQUAfair Aquarium Aquaristikzubehör Fischfutter Frostfutter Filtermaterial
  </title>
  <meta content=" Ballingmethode,Ballingsalze,Korallenkleber,Phosphatadsorber,Aquarium,Aquaristik,Meeresalgen,Jod,Aktivkohle,Fischfutter,Meerwasseraquarium,Zeolith,Natriumhydrogencarbonat,Wasseraufbereiter,Frostfutter,Nori,Süßwasseraquarium,Aquaristikzubehör,Filtermaterial" name="keywords"/>
  <meta content=" . Zubehör für Aquarium Meerwasseraquarium Süßwasseraquarium wie Ballingsalze f. Ballingmethode Korallenkleber Phosphatadsorber Futteralgen Aktivkohle Fischfutter Zeolith Natriumhydrogencarbonat Wasseraufbereiter Frostfutter Nori" name="description"/>
  <meta content="Handel" name="page-topic"/>
  <meta content="NEVER" name="expires"/>
  <meta content=" " name="author"/>
  <meta content=" " name="publisher"/>
  <meta content=" " name="copyright"/>
  <meta content="Kommerzielle Organisation" name="page-type"/>
  <meta content="Alle" name="audience"/>
  <meta content="INDEX,FOLLOW" name="robots"/>
  <meta content="de" name="language"/>
  <link href="http://aquafair.de" media="only screen and (max-width: 640px)" rel="alternate"/>
  <base href="https://www.aquafair.de/"/>
  <link href="stylesheet.css" rel="stylesheet" type="text/css"/>
  <meta content="width=device-width, initial-scale=1, maximum-scale=1" name="viewport"/>
 </head>
 <body bottommargin="0" leftmargin="0" marginheight="0" marginwidth="0" rightmargin="0" topmargin="0">
  <!-- header //-->
  <div class="frage">
   <a href="https://aquafair.de">
    Möchten Sie zur Ansicht für Mobilgeräte wechseln?
   </a>
  </div>
  <table align="center" bgcolor="#FFFFFF" border="0" cellpadding="0" cellspacing="0" width="998">
   <tr>
    <td valign="bottom">
     <table align="center" bgcolor="#FFFFFF" border="0" cellpadding="0" cellspacing="0" height="135" width="990">
      <tr>
       <td align="center" valign="middle">
        <a href="https://www.aquafair.de/index.php?osCsid=d608357305b12187b01c937a8456ed8d">
         <img alt="Startseite" border="0" height="127" src="images/eigene_bilder/logo.jpg" title=" Startseite " width="986"/>
        </a>
       </td>
      </tr>
     </table>
     <table align="center" border="0" cellpadding="0" cellspacing="0" height="24" width="990">
      <tr class="headerNavigation">
       <td bgcolor="#9D9D9D" width="1">
        <img height="1" src="images/infobox/abstand.gif" width="1"/>
       </td>
       <td class="infoBoxHeading">
        <a href="https://aquafair.de/">
         <img alt="Mobile Webseite" border="0" src="images/eigene_bilder/taste_o_quer_mobil.gif"/>
        </a>
       </td>
       <td class="infoBoxHeading">
        <a class="headerNavigation" href="https://www.aquafair.de">
         Startseite
        </a>
        »
        <a class="headerNavigation" href="https://www.aquafair.de/index.php?osCsid=d608357305b12187b01c937a8456ed8d">
         Katalog
        </a>
       </td>
       <td align="right" class="infoBoxHeading">
        <a class="headerNavigation" href="https://www.aquafair.de/account.php?osCsid=d608357305b12187b01c937a8456ed8d">
         Ihr Konto
        </a>
        |
        <a class="headerNavigation" href="https://www.aquafair.de/shopping_cart.php?osCsid=d608357305b12187b01c937a8456ed8d">
         Warenkorb
        </a>
        |
        <a class="headerNavigation" href="https://www.aquafair.de/checkout_shipping.php?osCsid=d608357305b12187b01c937a8456ed8d">
         Kasse
        </a>
       </td>
       <td bgcolor="#9D9D9D" width="1">
        <img height="1" src="images/infobox/abstand.gif" width="1"/>
       </td>
      </tr>
     </table>
    </td>
   </tr>
  </table>
  <!-- header_eof //-->
  <article>
   <!-- body //-->
   <table align="center" class="seitenflaeche">
    <tr>
     <td valign="top" width="210">
      <table border="0" cellpadding="2" cellspacing="0" width="210">
       <!-- left_navigation //-->
       <!-- categories //-->
       <tr>
        <td>
         <table border="0" cellpadding="0" cellspacing="0" width="100%">
          <tr>
           <td class="infoBoxHeading" height="14">
            <img alt="" border="0" height="22" src="images/infobox/corner_left.gif" width="11"/>
           </td>
           <td class="infoBoxHeading" height="14" width="100%">
            Kategorien
           </td>
           <td class="infoBoxHeading" height="14" nowrap="">
            <img alt="" border="0" height="22" src="images/infobox/corner_right.gif" width="11"/>
           </td>
          </tr>
         </table>
         <table border="0" cellpadding="0" cellspacing="0" class="infoBox" width="100%">
          <tr>
           <td>
            <table border="0" cellpadding="3" cellspacing="0" class="infoBoxContents" width="100%">
             <tr>
              <td>
               <img alt="" border="0" height="1" src="images/pixel_trans.gif" width="1"/>
              </td>
             </tr>
             <tr>
              <td align="left" class="boxText">
               <nobr>
                <a href="https://www.aquafair.de/index.php/cPath/193?osCsid=d608357305b12187b01c937a8456ed8d" nowrap="">
                 <img alt="" border="0" height="8" src="images/red_bullet.gif" width="8"/>
                 Aquarien-&gt;
                </a>
               </nobr>
               <br/>
               <hr noshade="" size="1"/>
               <nobr>
                <a href="https://www.aquafair.de/index.php/cPath/43?osCsid=d608357305b12187b01c937a8456ed8d" nowrap="">
                 <img alt="" border="0" height="8" src="images/red_bullet.gif" width="8"/>
                 Filtermaterial &amp; Spezialfilter-&gt;
                </a>
               </nobr>
               <br/>
               <hr noshade="" size="1"/>
               <nobr>
                <a href="https://www.aquafair.de/index.php/cPath/44?osCsid=d608357305b12187b01c937a8456ed8d" nowrap="">
                 <img alt="" border="0" height="8" src="images/red_bullet.gif" width="8"/>
                 Baks, Elemente, Aminos &amp; Co-&gt;
                </a>
               </nobr>
               <br/>
               <hr noshade="" size="1"/>
               <nobr>
                <a href="https://www.aquafair.de/index.php/cPath/45?osCsid=d608357305b12187b01c937a8456ed8d" nowrap="">
                 <img alt="" border="0" height="8" src="images/red_bullet.gif" width="8"/>
                 AQUA-Reinsalze &amp; Co-&gt;
                </a>
               </nobr>
               <br/>
               <hr noshade="" size="1"/>
               <nobr>
                <a href="https://www.aquafair.de/index.php/cPath/198?osCsid=d608357305b12187b01c937a8456ed8d" nowrap="">
                 <img alt="" border="0" height="8" src="images/red_bullet.gif" width="8"/>
                 Diverse Futtersorten-&gt;
                </a>
               </nobr>
               <br/>
               <hr noshade="" size="1"/>
               <nobr>
                <a href="https://www.aquafair.de/index.php/cPath/223?osCsid=d608357305b12187b01c937a8456ed8d" nowrap="">
                 <img alt="" border="0" height="8" src="images/red_bullet.gif" width="8"/>
                 Heilmittel-&gt;
                </a>
               </nobr>
               <br/>
               <hr noshade="" size="1"/>
               <nobr>
                <a href="https://www.aquafair.de/index.php/cPath/46?osCsid=d608357305b12187b01c937a8456ed8d" nowrap="">
                 <img alt="" border="0" height="8" src="images/red_bullet.gif" width="8"/>
                 Zement &amp; Kleber-&gt;
                </a>
               </nobr>
               <br/>
               <hr noshade="" size="1"/>
               <nobr>
                <a href="https://www.aquafair.de/index.php/cPath/75?osCsid=d608357305b12187b01c937a8456ed8d" nowrap="">
                 <img alt="" border="0" height="8" src="images/red_bullet.gif" width="8"/>
                 Wasseranalyse-&gt;
                </a>
               </nobr>
               <br/>
               <hr noshade="" size="1"/>
               <nobr>
                <a href="https://www.aquafair.de/index.php/cPath/94?osCsid=d608357305b12187b01c937a8456ed8d" nowrap="">
                 <img alt="" border="0" height="8" src="images/red_bullet.gif" width="8"/>
                 Einrichtung-&gt;
                </a>
               </nobr>
               <br/>
               <hr noshade="" size="1"/>
               <nobr>
                <a href="https://www.aquafair.de/index.php/cPath/168?osCsid=d608357305b12187b01c937a8456ed8d" nowrap="">
                 <img alt="" border="0" height="8" src="images/red_bullet.gif" width="8"/>
                 Meersalz-&gt;
                </a>
               </nobr>
               <br/>
               <hr noshade="" size="1"/>
               <nobr>
                <a href="https://www.aquafair.de/index.php/cPath/90?osCsid=d608357305b12187b01c937a8456ed8d" nowrap="">
                 <img alt="" border="0" height="8" src="images/red_bullet.gif" width="8"/>
                 Technik-&gt;
                </a>
               </nobr>
               <br/>
               <hr noshade="" size="1"/>
               <nobr>
                <a href="https://www.aquafair.de/index.php/cPath/102?osCsid=d608357305b12187b01c937a8456ed8d" nowrap="">
                 <img alt="" border="0" height="8" src="images/red_bullet.gif" width="8"/>
                 Sonstiges Zubehör-&gt;
                </a>
               </nobr>
               <br/>
               <hr noshade="" size="1"/>
               <nobr>
                <a href="https://www.aquafair.de/index.php/cPath/74?osCsid=d608357305b12187b01c937a8456ed8d" nowrap="">
                 <img alt="" border="0" height="8" src="images/red_bullet.gif" width="8"/>
                 Süsswasser-&gt;
                </a>
               </nobr>
               <br/>
               <hr noshade="" size="1"/>
               <nobr>
                <a href="https://www.aquafair.de/index.php/cPath/103?osCsid=d608357305b12187b01c937a8456ed8d" nowrap="">
                 <img alt="" border="0" height="8" src="images/red_bullet.gif" width="8"/>
                 Schnäppchen &amp; Gebrauchtes
                </a>
               </nobr>
               <br/>
              </td>
             </tr>
             <tr>
              <td>
               <img alt="" border="0" height="1" src="images/pixel_trans.gif" width="1"/>
              </td>
             </tr>
            </table>
           </td>
          </tr>
         </table>
        </td>
       </tr>
       <!-- categories_eof //-->
       <!-- whos_online 2.0 by Ingo (info@gamephisto.de) //-->
       <tr>
        <td>
         <table border="0" cellpadding="0" cellspacing="0" width="100%">
          <tr>
           <td class="infoBoxHeading" height="14">
            <img alt="" border="0" height="22" src="images/infobox/corner_left.gif" width="11"/>
           </td>
           <td class="infoBoxHeading" height="14" width="100%">
            Wer ist online?
           </td>
           <td class="infoBoxHeading" height="14" nowrap="">
            <img alt="" border="0" height="22" src="images/infobox/corner_right.gif" width="11"/>
           </td>
          </tr>
         </table>
         <table border="0" cellpadding="0" cellspacing="0" class="infoBox" width="100%">
          <tr>
           <td>
            <table border="0" cellpadding="3" cellspacing="0" class="infoBoxContents" width="100%">
             <tr>
              <td>
               <img alt="" border="0" height="1" src="images/pixel_trans.gif" width="1"/>
              </td>
             </tr>
             <tr>
              <td align="left" class="boxText">
               Zur Zeit sind  163 Gäste und
               <br/>
               1 Kunde online.
              </td>
             </tr>
             <tr>
              <td>
               <img alt="" border="0" height="1" src="images/pixel_trans.gif" width="1"/>
              </td>
             </tr>
            </table>
           </td>
          </tr>
         </table>
        </td>
       </tr>
       <!-- whos_online_eof //-->
       <!-- search //-->
       <tr>
        <td>
         <table border="0" cellpadding="0" cellspacing="0" width="100%">
          <tr>
           <td class="infoBoxHeading" height="14">
            <img alt="" border="0" height="22" src="images/infobox/corner_left.gif" width="11"/>
           </td>
           <td class="infoBoxHeading" height="14" width="100%">
            Schnellsuche
           </td>
           <td class="infoBoxHeading" height="14" nowrap="">
            <img alt="" border="0" height="22" src="images/infobox/corner_right.gif" width="11"/>
           </td>
          </tr>
         </table>
         <table border="0" cellpadding="0" cellspacing="0" class="infoBox" width="100%">
          <tr>
           <td>
            <table border="0" cellpadding="3" cellspacing="0" class="infoBoxContents" width="100%">
             <tr>
              <td>
               <img alt="" border="0" height="1" src="images/pixel_trans.gif" width="1"/>
              </td>
             </tr>
             <tr>
              <td align="left" class="boxText">
               <form action="https://www.aquafair.de/advanced_search_result.php" method="get" name="quick_find">
                <input maxlength="30" name="keywords" size="20" style="width: -30px" type="text"/>
                <input name="osCsid" type="hidden" value="d608357305b12187b01c937a8456ed8d"/>
                <br/>
                Verwenden Sie Stichworte, um ein Produkt zu finden.
                <br/>
                <a href="https://www.aquafair.de/advanced_search.php?osCsid=d608357305b12187b01c937a8456ed8d">
                 <b>
                  erweiterte Suche
                 </b>
                </a>
               </form>
              </td>
             </tr>
             <tr>
              <td>
               <img alt="" border="0" height="1" src="images/pixel_trans.gif" width="1"/>
              </td>
             </tr>
            </table>
           </td>
          </tr>
         </table>
        </td>
       </tr>
       <!-- search_eof //-->
       <!-- manufacturers //-->
       <tr>
        <td>
         <table border="0" cellpadding="0" cellspacing="0" width="100%">
          <tr>
           <td class="infoBoxHeading" height="14">
            <img alt="" border="0" height="22" src="images/infobox/corner_left.gif" width="11"/>
           </td>
           <td class="infoBoxHeading" height="14" width="100%">
            Hersteller
           </td>
           <td class="infoBoxHeading" height="14" nowrap="">
            <img alt="" border="0" height="22" src="images/infobox/corner_right.gif" width="11"/>
           </td>
          </tr>
         </table>
         <table border="0" cellpadding="0" cellspacing="0" class="infoBox" width="100%">
          <tr>
           <td>
            <table border="0" cellpadding="3" cellspacing="0" class="infoBoxContents" width="100%">
             <tr>
              <td>
               <img alt="" border="0" height="1" src="images/pixel_trans.gif" width="1"/>
              </td>
             </tr>
             <tr>
              <td class="boxText">
               <form action="https://www.aquafair.de/index.php" method="get" name="manufacturers">
                <select name="manufacturers_id" onchange="this.form.submit();" size="1" style="width: 100%">
                 <option selected="" value="">
                  Bitte wählen
                 </option>
                 <option value="99">
                  Abyzz
                 </option>
                 <option value="5">
                  Algae Free
                 </option>
                 <option value="81">
                  AMA
                 </option>
                 <option value="7">
                  aqua connect
                 </option>
                 <option value="9">
                  Aqua Light
                 </option>
                 <option value="10">
                  Aqua Medic
                 </option>
                 <option value="6">
                  aquabee
                 </option>
                 <option value="2">
                  AQUAfair
                 </option>
                 <option value="86">
                  Aquaforest
                 </option>
                 <option value="94">
                  AquaIlluminatio..
                 </option>
                 <option value="11">
                  AquaPerfekt
                 </option>
                 <option value="76">
                  Aquarium Münst..
                 </option>
                 <option value="55">
                  Aquatec
                 </option>
                 <option value="12">
                  AQUAVISIONEN
                 </option>
                 <option value="88">
                  ARKA
                 </option>
                 <option value="15">
                  ATI
                 </option>
                 <option value="61">
                  ATK
                 </option>
                 <option value="104">
                  AutoAqua
                 </option>
                 <option value="78">
                  Blue Life USA
                 </option>
                 <option value="17">
                  BLV
                 </option>
                 <option value="70">
                  Bubble-magus
                 </option>
                 <option value="18">
                  CaribSea
                 </option>
                 <option value="83">
                  Coral-Reef
                 </option>
                 <option value="64">
                  Coral-Shop
                 </option>
                 <option value="19">
                  coralsands
                 </option>
                 <option value="20">
                  Coralvue
                 </option>
                 <option value="72">
                  D-D The Aquariu..
                 </option>
                 <option value="98">
                  D-D The Aquariu..
                 </option>
                 <option value="21">
                  DE BARY
                 </option>
                 <option value="77">
                  Deltec
                 </option>
                 <option value="25">
                  DT's
                 </option>
                 <option value="95">
                  DVH AQUATIC
                 </option>
                 <option value="58">
                  Easy Blade
                 </option>
                 <option value="24">
                  Easy Life
                 </option>
                 <option value="97">
                  Easy Reefs
                 </option>
                 <option value="26">
                  EcoTech Marine
                 </option>
                 <option value="68">
                  Fauna Marin
                 </option>
                 <option value="80">
                  Flippercleaner
                 </option>
                 <option value="53">
                  Frostfutter
                 </option>
                 <option value="87">
                  Gavita
                 </option>
                 <option value="71">
                  GHL
                 </option>
                 <option value="90">
                  Giesemann
                 </option>
                 <option value="69">
                  H&amp;S
                 </option>
                 <option value="27">
                  Hanna
                 </option>
                 <option value="57">
                  Hobby
                 </option>
                 <option value="28">
                  hydor
                 </option>
                 <option value="29">
                  iks
                 </option>
                 <option value="31">
                  Jäger
                 </option>
                 <option value="102">
                  Jecod
                 </option>
                 <option value="32">
                  JoesJuice
                 </option>
                 <option value="101">
                  KAMOER
                 </option>
                 <option value="91">
                  Kessil
                 </option>
                 <option value="33">
                  Korallen-Zucht
                 </option>
                 <option value="79">
                  Korallenwelt
                 </option>
                 <option value="34">
                  Lumatek
                 </option>
                 <option value="56">
                  Mag Float
                 </option>
                 <option value="35">
                  Marine Enterpri..
                 </option>
                 <option value="66">
                  Maxspect
                 </option>
                 <option value="60">
                  Microbe-Lift
                 </option>
                 <option value="59">
                  Nature´s Ocean
                 </option>
                 <option value="36">
                  Nightsun
                 </option>
                 <option value="65">
                  Nyos
                 </option>
                 <option value="37">
                  Ocean Nutrition
                 </option>
                 <option value="3">
                  Omega One
                 </option>
                 <option value="38">
                  Pacific Garden ..
                 </option>
                 <option value="100">
                  Philips
                 </option>
                 <option value="73">
                  Planctonite
                 </option>
                 <option value="96">
                  PolypLab
                 </option>
                 <option value="52">
                  Preis Aquaristi..
                 </option>
                 <option value="39">
                  Prodibio
                 </option>
                 <option value="92">
                  PRS
                 </option>
                 <option value="40">
                  QFI
                 </option>
                 <option value="89">
                  Qium LYOX
                 </option>
                 <option value="93">
                  Real Reef Solut..
                 </option>
                 <option value="54">
                  Red Sea
                 </option>
                 <option value="74">
                  Reef Analytics ..
                 </option>
                 <option value="63">
                  Reef Interests
                 </option>
                 <option value="62">
                  Reef-Project
                 </option>
                 <option value="41">
                  ReefStar
                 </option>
                 <option value="103">
                  Rossmont
                 </option>
                 <option value="42">
                  ROWA
                 </option>
                 <option value="43">
                  Royal-Exclusiv
                 </option>
                 <option value="44">
                  SALIFERT
                 </option>
                 <option value="45">
                  Sander
                 </option>
                 <option value="75">
                  sangokai
                 </option>
                 <option value="46">
                  SpectraPure
                 </option>
                 <option value="67">
                  Terra Nova PRO
                 </option>
                 <option value="85">
                  Theiling
                 </option>
                 <option value="84">
                  Triton
                 </option>
                 <option value="47">
                  Tropic Marin
                 </option>
                 <option value="48">
                  TUNZE
                 </option>
                 <option value="82">
                  Vertex
                 </option>
                 <option value="50">
                  ZeroEdge Aquari..
                 </option>
                 <option value="51">
                  Zoobest
                 </option>
                </select>
                <input name="osCsid" type="hidden" value="d608357305b12187b01c937a8456ed8d"/>
               </form>
              </td>
             </tr>
             <tr>
              <td>
               <img alt="" border="0" height="1" src="images/pixel_trans.gif" width="1"/>
              </td>
             </tr>
            </table>
           </td>
          </tr>
         </table>
        </td>
       </tr>
       <!-- manufacturers_eof //-->
       <!-- info_pages //-->
       <tr>
        <td>
         <table border="0" cellpadding="0" cellspacing="0" width="100%">
          <tr>
           <td class="infoBoxHeading" height="14">
            <img alt="" border="0" height="22" src="images/infobox/corner_left.gif" width="11"/>
           </td>
           <td class="infoBoxHeading" height="14" width="100%">
            Information
           </td>
           <td class="infoBoxHeading" height="14" nowrap="">
            <img alt="" border="0" height="22" src="images/infobox/corner_right.gif" width="11"/>
           </td>
          </tr>
         </table>
         <table border="0" cellpadding="0" cellspacing="0" class="infoBox" width="100%">
          <tr>
           <td>
            <table border="0" cellpadding="3" cellspacing="0" class="infoBoxContents" width="100%">
             <tr>
              <td>
               <img alt="" border="0" height="1" src="images/pixel_trans.gif" width="1"/>
              </td>
             </tr>
             <tr>
              <td class="boxText">
               <table border="0" cellpadding="1" cellspacing="0" width="100%">
                <tr>
                 <td class="boxText">
                  <a href="https://www.aquafair.de/conditions.php?osCsid=d608357305b12187b01c937a8456ed8d">
                   Unsere AGB
                  </a>
                 </td>
                </tr>
                <tr>
                 <td class="boxText">
                  <a href="https://www.aquafair.de/widerrufsrecht.php?osCsid=d608357305b12187b01c937a8456ed8d">
                   Widerrufsbelehrung
                  </a>
                 </td>
                </tr>
                <tr>
                 <td class="boxText">
                  <a href="https://www.aquafair.de/widerrufsformular.pdf?osCsid=d608357305b12187b01c937a8456ed8d" target="_blank">
                   Widerrufsformular
                  </a>
                 </td>
                </tr>
                <tr>
                 <td class="boxText">
                  <a href="https://www.aquafair.de/contact_us.php?osCsid=d608357305b12187b01c937a8456ed8d">
                   Kontakt
                  </a>
                 </td>
                </tr>
                <tr>
                 <td class="boxText">
                  <a href="https://www.aquafair.de/info_pages.php/pages_id/12?osCsid=d608357305b12187b01c937a8456ed8d" target="">
                   Impressum
                  </a>
                 </td>
                </tr>
                <tr>
                 <td class="boxText">
                  <a href="https://www.aquafair.de/info_pages.php/pages_id/21?osCsid=d608357305b12187b01c937a8456ed8d" target="">
                   Zahlung und Versand
                  </a>
                 </td>
                </tr>
                <tr>
                 <td class="boxText">
                  <a href="https://www.aquafair.de/info_pages.php/pages_id/8?osCsid=d608357305b12187b01c937a8456ed8d" target="">
                   Datenschutzerklärung
                  </a>
                 </td>
                </tr>
                <tr>
                 <td class="boxText">
                  <a href="https://www.aquafair.de/info_pages.php/pages_id/20?osCsid=d608357305b12187b01c937a8456ed8d" target="">
                   Hinweise zur Batterieentsorgung
                  </a>
                 </td>
                </tr>
                <tr>
                 <td class="boxText">
                  <a href="https://www.aquafair.de/info_pages.php/pages_id/19?osCsid=d608357305b12187b01c937a8456ed8d" target="">
                   Händlerpreisliste - dealer price list
                  </a>
                 </td>
                </tr>
                <tr>
                 <td class="boxText">
                  <a href="https://www.aquafair.de/info_pages.php/pages_id/13?osCsid=d608357305b12187b01c937a8456ed8d" target="">
                   Die Methode nach Hans-Werner Balling - Anwendungsempfehlung
                  </a>
                 </td>
                </tr>
                <tr>
                 <td class="boxText">
                  <a href="https://www.aquafair.de/info_pages.php/pages_id/14?osCsid=d608357305b12187b01c937a8456ed8d" target="">
                   AQUA-ZeoTon - Das effektive Filtermittel
                  </a>
                 </td>
                </tr>
                <tr>
                 <td class="boxText">
                  <a href="https://www.aquafair.de/info_pages.php/pages_id/16?osCsid=d608357305b12187b01c937a8456ed8d" target="">
                   AQUA-Phosphat-EX Al - Ein Erfahrungsbericht
                  </a>
                 </td>
                </tr>
                <tr>
                 <td class="boxText">
                  <a href="https://www.aquafair.de/info_pages.php/pages_id/17?osCsid=d608357305b12187b01c937a8456ed8d" target="">
                   AQUA-Reinsalze, Qualitätsnachweis mit Analysezertifikaten
                  </a>
                 </td>
                </tr>
               </table>
              </td>
             </tr>
             <tr>
              <td>
               <img alt="" border="0" height="1" src="images/pixel_trans.gif" width="1"/>
              </td>
             </tr>
            </table>
           </td>
          </tr>
         </table>
        </td>
       </tr>
       <!-- info_pages_eof //-->
       <!-- information //-->
       <tr>
        <td>
         <table border="0" cellpadding="0" cellspacing="0" width="100%">
          <tr>
           <td class="infoBoxHeading" height="14">
            <img alt="" border="0" height="22" src="images/infobox/corner_left.gif" width="11"/>
           </td>
           <td class="infoBoxHeading" height="14" width="100%">
            Sicher bezahlen mit
           </td>
           <td class="infoBoxHeading" height="14" nowrap="">
            <img alt="" border="0" height="22" src="images/infobox/corner_right.gif" width="11"/>
           </td>
          </tr>
         </table>
         <table border="0" cellpadding="0" cellspacing="0" class="infoBox" width="100%">
          <tr>
           <td>
            <table border="0" cellpadding="3" cellspacing="0" class="infoBoxContents" width="100%">
             <tr>
              <td>
               <img alt="" border="0" height="1" src="images/pixel_trans.gif" width="1"/>
              </td>
             </tr>
             <tr>
              <td class="boxText">
               <a href="info_pages.php/pages_id/21">
                <img alt="paymorrow Rechnungs und Ratenkauf" border="0" height="84" src="images/icons/paymorrow.png" width="200"/>
               </a>
               <a href="info_pages.php/pages_id/21">
                <img alt="PayPal" border="0" height="82" src="images/icons/paypal_mittel.png" width="200"/>
               </a>
               <a href="info_pages.php/pages_id/21">
                <img alt="Infos zum Versand" border="0" height="112" src="images/icons/gls-nachnahme.gif" width="200"/>
               </a>
               <a href="info_pages.php/pages_id/21">
                <img alt="Infos zur Zahlart Nachnahme" border="0" height="22" src="images/icons/nachnahme.gif" width="200"/>
               </a>
               <a href="info_pages.php/pages_id/21">
                <img alt="Vorkasse" border="0" height="73" src="images/icons/ssl.png" width="200"/>
               </a>
               <a href="info_pages.php/pages_id/21">
                <img alt="Sofortüberweisung" border="0" height="238" src="images/icons/sofortueberweisung-gross.png" width="200"/>
               </a>
              </td>
             </tr>
             <tr>
              <td>
               <img alt="" border="0" height="1" src="images/pixel_trans.gif" width="1"/>
              </td>
             </tr>
            </table>
           </td>
          </tr>
         </table>
        </td>
       </tr>
       <!-- information_eof //-->
       <!-- information //-->
       <tr>
        <td>
         <table border="0" cellpadding="0" cellspacing="0" width="100%">
          <tr>
           <td class="infoBoxHeading" height="14">
            <img alt="" border="0" height="22" src="images/infobox/corner_left.gif" width="11"/>
           </td>
           <td class="infoBoxHeading" height="14" width="100%">
            Werbepartner
           </td>
           <td class="infoBoxHeading" height="14" nowrap="">
            <img alt="" border="0" height="22" src="images/infobox/corner_right.gif" width="11"/>
           </td>
          </tr>
         </table>
         <table border="0" cellpadding="0" cellspacing="0" class="infoBox" width="100%">
          <tr>
           <td>
            <table border="0" cellpadding="3" cellspacing="0" class="infoBoxContents" width="100%">
             <tr>
              <td>
               <img alt="" border="0" height="1" src="images/pixel_trans.gif" width="1"/>
              </td>
             </tr>
             <tr>
              <td class="boxText">
               <a href="http://www.clickfineon.de" target="_blank">
                Suchmaschineneintrag &amp;
               </a>
               <br/>
               <a href="http://www.clickfineon.de" target="_blank">
                Suchmaschinenoptimierung.
               </a>
              </td>
             </tr>
             <tr>
              <td>
               <img alt="" border="0" height="1" src="images/pixel_trans.gif" width="1"/>
              </td>
             </tr>
            </table>
           </td>
          </tr>
         </table>
        </td>
       </tr>
       <!-- information_eof //-->
       <!-- left_navigation_eof //-->
      </table>
     </td>
     <!-- body_text //-->
     <td valign="top" width="100%">
      <table border="0" cellpadding="0" cellspacing="0" width="100%">
       <tr>
        <td>
         <table border="0" cellpadding="0" cellspacing="0" width="100%">
          <tr>
           <td class="pageHeading">
           </td>
           <td align="right" class="pageHeading">
           </td>
          </tr>
         </table>
        </td>
       </tr>
       <tr>
        <td>
        </td>
       </tr>
       <tr>
        <td>
         <table border="0" cellpadding="0" cellspacing="0" width="100%">
          <tr>
           <td class="main">
            Herzlich Willkommen
            <span class="greetUser">
             Gast!
            </span>
            Möchten Sie sich
            <a href="https://www.aquafair.de/login.php?osCsid=d608357305b12187b01c937a8456ed8d">
             <u>
              anmelden
             </u>
            </a>
            ? Oder wollen Sie ein
            <a href="https://www.aquafair.de/create_account.php?osCsid=d608357305b12187b01c937a8456ed8d">
             <u>
              Kundenkonto
             </u>
            </a>
            eröffnen?
           </td>
          </tr>
          <tr>
           <td>
           </td>
          </tr>
          <tr>
           <td class="main">
            <p style="text-align: center;">
            </p>
            <p style="text-align: center;">
             <a href="https://www.aquafair.de/index.php/cPath/90_96_424_522">
              <img alt="Giesemann Stellar Hybrid Werbung" height="448" src="/userfiles/Stellar Mount 3.jpg" width="550"/>
             </a>
            </p>
            <p style="text-align: center;">
             <a href="info_pages.php/pages_id/19">
              <img alt="" border="0" height:="" src="https://www.ekiwi.de/free_service/button/button.php?&amp;hoehe=23&amp;breite=555&amp;bg1=FFFFFF&amp;bg2=FFFFFF&amp;colorborder=0066FF&amp;innerb1=FFFFFF&amp;innerb2=FFFFFF&amp;verlauf=1&amp;fontcenter=3&amp;font=Verdana&amp;size=10&amp;colorfont=000000&amp;shadow=false&amp;shadowcolor=EEEEEE&amp;textfield=H%C3%A4ndlerpreisliste,%20mehr%20Informationen%20hier%21%20Dealer%20price%20list,%20more%20information%20here%21" style="width:"/>
             </a>
            </p>
            <p style="text-align: center;">
            </p>
           </td>
          </tr>
          <tr>
           <td>
           </td>
          </tr>
          <tr>
           <td>
            <!-- featured_products //-->
            <table border="0" cellpadding="0" cellspacing="0" width="100%">
             <tr>
              <td class="infoBoxHeading" height="14">
               <img alt="" border="0" height="22" src="images/infobox/corner_left.gif" width="11"/>
              </td>
              <td class="infoBoxHeading" height="14" width="100%">
               <a class="headerNavigation" href="https://www.aquafair.de/featured_products.php?osCsid=d608357305b12187b01c937a8456ed8d">
                Highlight`s
               </a>
              </td>
              <td class="infoBoxHeading" height="14">
               <img alt="" border="0" height="22" src="images/infobox/corner_right.gif" width="11"/>
              </td>
             </tr>
            </table>
            <table border="0" cellpadding="0" cellspacing="0" class="infoBox" width="100%">
             <tr>
              <td>
               <table border="0" cellpadding="0" cellspacing="0" class="infoBoxContents" width="100%">
                <tr>
                 <td align="center" class="smallText" valign="top" width="33%">
                  <a href="https://www.aquafair.de/product_info.php/products_id/5638?osCsid=d608357305b12187b01c937a8456ed8d">
                   <img alt="Giesemann GEMINI marine Hybrid T5/LED 900 mm Irridium" border="0" height="150" src="images/Giesemann-Gemini-Bild-1-150x150.jpg" title=" Giesemann GEMINI marine Hybrid T5/LED 900 mm Irridium " width="150"/>
                  </a>
                  <br/>
                  <a href="https://www.aquafair.de/product_info.php/products_id/5638?osCsid=d608357305b12187b01c937a8456ed8d">
                   <h2 class="featured">
                    Giesemann GEMINI marine Hybrid T5/LED 900 mm Irridium
                   </h2>
                  </a>
                  899,00 EUR
                  <br/>
                  <div class="tax_info">
                   [inkl. 19% MwSt zzgl.
                   <a class="tax_info" href="https://www.aquafair.de/shipping.php?osCsid=d608357305b12187b01c937a8456ed8d">
                    <u>
                     Versandkosten.
                    </u>
                   </a>
                   ]
                  </div>
                  <br/>
                  Versandkostenfrei in DE!
                 </td>
                 <td align="center" class="smallText" valign="top" width="33%">
                  <a href="https://www.aquafair.de/product_info.php/products_id/5026?osCsid=d608357305b12187b01c937a8456ed8d">
                   <img alt="Giesemann SPHERA-Abdeckung 26Watt LED, 80x50cm, MARINE" border="0" height="150" src="images/Giesemann Sphera LED-150x150.jpg" title=" Giesemann SPHERA-Abdeckung 26Watt LED, 80x50cm, MARINE " width="150"/>
                  </a>
                  <br/>
                  <a href="https://www.aquafair.de/product_info.php/products_id/5026?osCsid=d608357305b12187b01c937a8456ed8d">
                   <h2 class="featured">
                    Giesemann SPHERA-Abdeckung 26Watt LED, 80x50cm, MARINE
                   </h2>
                  </a>
                  269,00 EUR
                  <br/>
                  <div class="tax_info">
                   [inkl. 19% MwSt zzgl.
                   <a class="tax_info" href="https://www.aquafair.de/shipping.php?osCsid=d608357305b12187b01c937a8456ed8d">
                    <u>
                     Versandkosten.
                    </u>
                   </a>
                   ]
                  </div>
                  <br/>
                  Versandkostenfrei in DE!
                 </td>
                 <td align="center" class="smallText" valign="top" width="33%">
                  <a href="https://www.aquafair.de/product_info.php/products_id/4763?osCsid=d608357305b12187b01c937a8456ed8d">
                   <img alt="Giesemann POWERCHROME T5 aquablue-coral, 54 Watt, 1150 mm" border="0" height="150" src="images/Giesemann T 5 aquablue coral-150x150.jpg" title=" Giesemann POWERCHROME T5 aquablue-coral, 54 Watt, 1150 mm " width="150"/>
                  </a>
                  <br/>
                  <a href="https://www.aquafair.de/product_info.php/products_id/4763?osCsid=d608357305b12187b01c937a8456ed8d">
                   <h2 class="featured">
                    Giesemann POWERCHROME T5 aquablue-coral, 54 Watt, 1150 mm
                   </h2>
                  </a>
                  18,90 EUR
                  <br/>
                  <div class="tax_info">
                   [inkl. 19% MwSt zzgl.
                   <a class="tax_info" href="https://www.aquafair.de/shipping.php?osCsid=d608357305b12187b01c937a8456ed8d">
                    <u>
                     Versandkosten.
                    </u>
                   </a>
                   ]
                  </div>
                  <br/>
                 </td>
                </tr>
                <tr>
                 <td align="center" class="smallText" valign="top" width="33%">
                  <a href="https://www.aquafair.de/product_info.php/products_id/5545?osCsid=d608357305b12187b01c937a8456ed8d">
                   <img alt="AutoAqua Smart AWC - Auto Water Change (SAWC-200P)" border="0" height="150" src="images/AutoAqua Smart AWC-150x150.jpg" title=" AutoAqua Smart AWC - Auto Water Change (SAWC-200P) " width="150"/>
                  </a>
                  <br/>
                  <a href="https://www.aquafair.de/product_info.php/products_id/5545?osCsid=d608357305b12187b01c937a8456ed8d">
                   <h2 class="featured">
                    AutoAqua Smart AWC - Auto Water Change (SAWC-200P)
                   </h2>
                  </a>
                  249,00 EUR
                  <br/>
                  <div class="tax_info">
                   [inkl. 19% MwSt zzgl.
                   <a class="tax_info" href="https://www.aquafair.de/shipping.php?osCsid=d608357305b12187b01c937a8456ed8d">
                    <u>
                     Versandkosten.
                    </u>
                   </a>
                   ]
                  </div>
                  <br/>
                  Versandkostenfrei in DE!
                 </td>
                 <td align="center" class="smallText" valign="top" width="33%">
                  <a href="https://www.aquafair.de/product_info.php/products_id/3741?osCsid=d608357305b12187b01c937a8456ed8d">
                   <img alt="Vertex Umkehrosmoseanlage PURATEK DELUXE 100 RO/DI" border="0" height="150" src="images/PURATEK DELUXE 100 RO DI-150x150.jpg" title=" Vertex Umkehrosmoseanlage PURATEK DELUXE 100 RO/DI " width="150"/>
                  </a>
                  <br/>
                  <a href="https://www.aquafair.de/product_info.php/products_id/3741?osCsid=d608357305b12187b01c937a8456ed8d">
                   <h2 class="featured">
                    Vertex Umkehrosmoseanlage PURATEK DELUXE 100 RO/DI
                   </h2>
                  </a>
                  379,99 EUR
                  <br/>
                  <div class="tax_info">
                   [inkl. 19% MwSt zzgl.
                   <a class="tax_info" href="https://www.aquafair.de/shipping.php?osCsid=d608357305b12187b01c937a8456ed8d">
                    <u>
                     Versandkosten.
                    </u>
                   </a>
                   ]
                  </div>
                  <br/>
                  Versandkostenfrei in DE!
                 </td>
                 <td align="center" class="smallText" valign="top" width="33%">
                  <a href="https://www.aquafair.de/product_info.php/products_id/954?osCsid=d608357305b12187b01c937a8456ed8d">
                   <img alt="AQUA-Phosphat-EX Al, 1000 g, Dose" border="0" height="150" src="images/PhosEX_Al_1-150x150.jpg" title=" AQUA-Phosphat-EX Al, 1000 g, Dose " width="150"/>
                  </a>
                  <br/>
                  <a href="https://www.aquafair.de/product_info.php/products_id/954?osCsid=d608357305b12187b01c937a8456ed8d">
                   <h2 class="featured">
                    AQUA-Phosphat-EX Al, 1000 g, Dose
                   </h2>
                  </a>
                  25,00 EUR
                  <br/>
                  <div class="tax_info">
                   [inkl. 19% MwSt zzgl.
                   <a class="tax_info" href="https://www.aquafair.de/shipping.php?osCsid=d608357305b12187b01c937a8456ed8d">
                    <u>
                     Versandkosten.
                    </u>
                   </a>
                   ]
                  </div>
                  <br/>
                  Grundpreis: 25,- €/kg
                 </td>
                </tr>
               </table>
              </td>
             </tr>
            </table>
            <!-- featured_products_eof //-->
           </td>
          </tr>
          <tr>
           <td>
            <!-- new_products //-->
            <table border="0" cellpadding="0" cellspacing="0" width="100%">
             <tr>
              <td class="infoBoxHeading" height="14">
               <img alt="" border="0" height="22" src="images/infobox/corner_left.gif" width="11"/>
              </td>
              <td class="infoBoxHeading" height="14" width="100%">
               Neue Produkte im August
              </td>
              <td class="infoBoxHeading" height="14">
               <img alt="" border="0" height="22" src="images/infobox/corner_right.gif" width="11"/>
              </td>
             </tr>
            </table>
            <table border="0" cellpadding="0" cellspacing="0" class="infoBox" width="100%">
             <tr>
              <td>
               <table border="0" cellpadding="0" cellspacing="0" class="infoBoxContents" width="100%">
                <tr>
                 <td align="center" class="smallText" valign="top" width="33%">
                  <a href="https://www.aquafair.de/product_info.php/products_id/5684?osCsid=d608357305b12187b01c937a8456ed8d">
                   <img alt="Silikonschlauch 40/50 mm, milchig transparent, 1 m" border="0" height="150" src="images/Silikonschaeuche 5-150x150.jpg" title=" Silikonschlauch 40/50 mm, milchig transparent, 1 m " width="150"/>
                  </a>
                  <br/>
                  <a href="https://www.aquafair.de/product_info.php/products_id/5684?osCsid=d608357305b12187b01c937a8456ed8d">
                   <h2 class="featured">
                    Silikonschlauch 40/50 mm, milchig transparent, 1 m
                   </h2>
                  </a>
                  49,00 EUR
                  <br/>
                  <div class="tax_info">
                   [inkl. 19% MwSt zzgl.
                   <a class="tax_info" href="https://www.aquafair.de/shipping.php?osCsid=d608357305b12187b01c937a8456ed8d">
                    <u>
                     Versandkosten.
                    </u>
                   </a>
                   ]
                  </div>
                  <br/>
                  Preis pro Meter
                 </td>
                 <td align="center" class="smallText" valign="top" width="33%">
                  <a href="https://www.aquafair.de/product_info.php/products_id/5683?osCsid=d608357305b12187b01c937a8456ed8d">
                   <img alt="Red Sea Filter Media Cup Filtermedienbecher (R42177)" border="0" height="150" src="images/Red Sea Media Cup-150x150.jpg" title=" Red Sea Filter Media Cup Filtermedienbecher (R42177) " width="150"/>
                  </a>
                  <br/>
                  <a href="https://www.aquafair.de/product_info.php/products_id/5683?osCsid=d608357305b12187b01c937a8456ed8d">
                   <h2 class="featured">
                    Red Sea Filter Media Cup Filtermedienbecher (R42177)
                   </h2>
                  </a>
                  17,95 EUR
                  <br/>
                  <div class="tax_info">
                   [inkl. 19% MwSt zzgl.
                   <a class="tax_info" href="https://www.aquafair.de/shipping.php?osCsid=d608357305b12187b01c937a8456ed8d">
                    <u>
                     Versandkosten.
                    </u>
                   </a>
                   ]
                  </div>
                  <br/>
                 </td>
                 <td align="center" class="smallText" valign="top" width="33%">
                  <a href="https://www.aquafair.de/product_info.php/products_id/5682?osCsid=d608357305b12187b01c937a8456ed8d">
                   <img alt="Aqua Medic ph monitor" border="0" height="150" src="images/Aqua Medic pH monitor-150x150.jpg" title=" Aqua Medic ph monitor " width="150"/>
                  </a>
                  <br/>
                  <a href="https://www.aquafair.de/product_info.php/products_id/5682?osCsid=d608357305b12187b01c937a8456ed8d">
                   <h2 class="featured">
                    Aqua Medic ph monitor
                   </h2>
                  </a>
                  99,00 EUR
                  <br/>
                  <div class="tax_info">
                   [inkl. 19% MwSt zzgl.
                   <a class="tax_info" href="https://www.aquafair.de/shipping.php?osCsid=d608357305b12187b01c937a8456ed8d">
                    <u>
                     Versandkosten.
                    </u>
                   </a>
                   ]
                  </div>
                  <br/>
                  Keine Versandkosten in DE
                 </td>
                </tr>
                <tr>
                 <td align="center" class="smallText" valign="top" width="33%">
                  <a href="https://www.aquafair.de/product_info.php/products_id/5681?osCsid=d608357305b12187b01c937a8456ed8d">
                   <img alt="Bubble Magus Automatik Vliesfilter ARF-1" border="0" height="150" src="images/BM ARF1 4-150x150.jpg" title=" Bubble Magus Automatik Vliesfilter ARF-1 " width="150"/>
                  </a>
                  <br/>
                  <a href="https://www.aquafair.de/product_info.php/products_id/5681?osCsid=d608357305b12187b01c937a8456ed8d">
                   <h2 class="featured">
                    Bubble Magus Automatik Vliesfilter ARF-1
                   </h2>
                  </a>
                  219,90 EUR
                  <br/>
                  <div class="tax_info">
                   [inkl. 19% MwSt zzgl.
                   <a class="tax_info" href="https://www.aquafair.de/shipping.php?osCsid=d608357305b12187b01c937a8456ed8d">
                    <u>
                     Versandkosten.
                    </u>
                   </a>
                   ]
                  </div>
                  <br/>
                  Versandkostenfrei in DE!
                 </td>
                 <td align="center" class="smallText" valign="top" width="33%">
                  <a href="https://www.aquafair.de/product_info.php/products_id/5680?osCsid=d608357305b12187b01c937a8456ed8d">
                   <img alt="Fauna Marin ReBiotic 100% Natural Bakterien 500 g (1000 ml)" border="0" height="150" src="images/Fauna Marin Natural Rebiotic 500 ml-150x150.jpg" title=" Fauna Marin ReBiotic 100% Natural Bakterien 500 g (1000 ml) " width="150"/>
                  </a>
                  <br/>
                  <a href="https://www.aquafair.de/product_info.php/products_id/5680?osCsid=d608357305b12187b01c937a8456ed8d">
                   <h2 class="featured">
                    Fauna Marin ReBiotic 100% Natural Bakterien 500 g (1000 ml)
                   </h2>
                  </a>
                  164,95 EUR
                  <br/>
                  <div class="tax_info">
                   [inkl. 19% MwSt zzgl.
                   <a class="tax_info" href="https://www.aquafair.de/shipping.php?osCsid=d608357305b12187b01c937a8456ed8d">
                    <u>
                     Versandkosten.
                    </u>
                   </a>
                   ]
                  </div>
                  <br/>
                  Grundpreis: 329,90 €/kg
                 </td>
                 <td align="center" class="smallText" valign="top" width="33%">
                  <a href="https://www.aquafair.de/product_info.php/products_id/5679?osCsid=d608357305b12187b01c937a8456ed8d">
                   <img alt="Fauna Marin ReBiotic 100% Natural Bakterien 250 g (500 ml)" border="0" height="150" src="images/Fauna Marin Natural Rebiotic 500 ml-150x150.jpg" title=" Fauna Marin ReBiotic 100% Natural Bakterien 250 g (500 ml) " width="150"/>
                  </a>
                  <br/>
                  <a href="https://www.aquafair.de/product_info.php/products_id/5679?osCsid=d608357305b12187b01c937a8456ed8d">
                   <h2 class="featured">
                    Fauna Marin ReBiotic 100% Natural Bakterien 250 g (500 ml)
                   </h2>
                  </a>
                  114,95 EUR
                  <br/>
                  <div class="tax_info">
                   [inkl. 19% MwSt zzgl.
                   <a class="tax_info" href="https://www.aquafair.de/shipping.php?osCsid=d608357305b12187b01c937a8456ed8d">
                    <u>
                     Versandkosten.
                    </u>
                   </a>
                   ]
                  </div>
                  <br/>
                  Grundpreis: 45,98 €/100 g
                 </td>
                </tr>
                <tr>
                 <td align="center" class="smallText" valign="top" width="33%">
                  <a href="https://www.aquafair.de/product_info.php/products_id/5678?osCsid=d608357305b12187b01c937a8456ed8d">
                   <img alt="Fauna Marin ReBiotic 100% Natural Bakterien 125 g (250 ml)" border="0" height="150" src="images/Fauna Marin Natural Rebiotic 250 ml-150x150.jpg" title=" Fauna Marin ReBiotic 100% Natural Bakterien 125 g (250 ml) " width="150"/>
                  </a>
                  <br/>
                  <a href="https://www.aquafair.de/product_info.php/products_id/5678?osCsid=d608357305b12187b01c937a8456ed8d">
                   <h2 class="featured">
                    Fauna Marin ReBiotic 100% Natural Bakterien 125 g (250 ml)
                   </h2>
                  </a>
                  64,95 EUR
                  <br/>
                  <div class="tax_info">
                   [inkl. 19% MwSt zzgl.
                   <a class="tax_info" href="https://www.aquafair.de/shipping.php?osCsid=d608357305b12187b01c937a8456ed8d">
                    <u>
                     Versandkosten.
                    </u>
                   </a>
                   ]
                  </div>
                  <br/>
                  Grundpreis: 51,96 €/100 g
                 </td>
                 <td align="center" class="smallText" valign="top" width="33%">
                  <a href="https://www.aquafair.de/product_info.php/products_id/5677?osCsid=d608357305b12187b01c937a8456ed8d">
                   <img alt="Fauna Marin ReBiotic 100% Natural Bakterien 50 g (100 ml)" border="0" height="150" src="images/Fauna Marin Natural Rebiotic 100 ml-150x150.jpg" title=" Fauna Marin ReBiotic 100% Natural Bakterien 50 g (100 ml) " width="150"/>
                  </a>
                  <br/>
                  <a href="https://www.aquafair.de/product_info.php/products_id/5677?osCsid=d608357305b12187b01c937a8456ed8d">
                   <h2 class="featured">
                    Fauna Marin ReBiotic 100% Natural Bakterien 50 g (100 ml)
                   </h2>
                  </a>
                  29,95 EUR
                  <br/>
                  <div class="tax_info">
                   [inkl. 19% MwSt zzgl.
                   <a class="tax_info" href="https://www.aquafair.de/shipping.php?osCsid=d608357305b12187b01c937a8456ed8d">
                    <u>
                     Versandkosten.
                    </u>
                   </a>
                   ]
                  </div>
                  <br/>
                  Grundpreis: 59,90 €/100 g
                 </td>
                 <td align="center" class="smallText" valign="top" width="33%">
                  <a href="https://www.aquafair.de/product_info.php/products_id/5676?osCsid=d608357305b12187b01c937a8456ed8d">
                   <img alt="Theiling Rollermat Compact I Filtervlies 3er Set (3051100212)" border="0" height="150" src="images/Th  3 Filterolle-150x150.jpg" title=" Theiling Rollermat Compact I Filtervlies 3er Set (3051100212) " width="150"/>
                  </a>
                  <br/>
                  <a href="https://www.aquafair.de/product_info.php/products_id/5676?osCsid=d608357305b12187b01c937a8456ed8d">
                   <h2 class="featured">
                    Theiling Rollermat Compact I Filtervlies 3er Set (3051100212)
                   </h2>
                  </a>
                  35,80 EUR
                  <br/>
                  <div class="tax_info">
                   [inkl. 19% MwSt zzgl.
                   <a class="tax_info" href="https://www.aquafair.de/shipping.php?osCsid=d608357305b12187b01c937a8456ed8d">
                    <u>
                     Versandkosten.
                    </u>
                   </a>
                   ]
                  </div>
                  <br/>
                  Grundpreis: 0,60 €/m
                 </td>
                </tr>
               </table>
              </td>
             </tr>
            </table>
            <!-- new_products_eof //-->
           </td>
          </tr>
         </table>
        </td>
       </tr>
      </table>
     </td>
     <!-- body_text_eof //-->
     <td valign="top" width="180">
      <table border="0" cellpadding="2" cellspacing="0" width="180">
       <!-- right_navigation //-->
       <!-- shopping_cart //-->
       <tr>
        <td>
         <table border="0" cellpadding="0" cellspacing="0" width="100%">
          <tr>
           <td class="infoBoxHeading" height="14">
            <img alt="" border="0" height="22" src="images/infobox/corner_left.gif" width="11"/>
           </td>
           <td class="infoBoxHeading" height="14" width="100%">
            Warenkorb
           </td>
           <td class="infoBoxHeading" height="14" nowrap="">
            <a href="https://www.aquafair.de/shopping_cart.php?osCsid=d608357305b12187b01c937a8456ed8d">
             <img alt="Zeige mehr" border="0" height="20" src="images/infobox/arrow_right.gif" title=" Zeige mehr " width="12"/>
            </a>
            <img alt="" border="0" height="22" src="images/infobox/corner_right.gif" width="11"/>
           </td>
          </tr>
         </table>
         <table border="0" cellpadding="0" cellspacing="0" class="infoBox" width="100%">
          <tr>
           <td>
            <table border="0" cellpadding="3" cellspacing="0" class="infoBoxContents" width="100%">
             <tr>
              <td>
               <img alt="" border="0" height="1" src="images/pixel_trans.gif" width="1"/>
              </td>
             </tr>
             <tr>
              <td class="boxText">
               0 Produkte
              </td>
             </tr>
             <tr>
              <td>
               <img alt="" border="0" height="1" src="images/pixel_trans.gif" width="1"/>
              </td>
             </tr>
            </table>
           </td>
          </tr>
         </table>
        </td>
       </tr>
       <!-- shopping_cart_eof //-->
       <!-- information //-->
       <tr>
        <td>
         <table border="0" cellpadding="0" cellspacing="0" width="100%">
          <tr>
           <td class="infoBoxHeading" height="14">
            <img alt="" border="0" height="22" src="images/infobox/corner_left.gif" width="11"/>
           </td>
           <td class="infoBoxHeading" height="14" width="100%">
            Preisauszeichnung
           </td>
           <td class="infoBoxHeading" height="14" nowrap="">
            <img alt="" border="0" height="22" src="images/infobox/corner_right.gif" width="11"/>
           </td>
          </tr>
         </table>
         <table border="0" cellpadding="0" cellspacing="0" class="infoBox" width="100%">
          <tr>
           <td>
            <table border="0" cellpadding="3" cellspacing="0" class="infoBoxContents" width="100%">
             <tr>
              <td>
               <img alt="" border="0" height="1" src="images/pixel_trans.gif" width="1"/>
              </td>
             </tr>
             <tr>
              <td class="boxText">
               <a href="shipping.php">
                Preise inkl. Mehrwertsteuer.
                <br/>
                Zuzüglich Versandkosten
               </a>
              </td>
             </tr>
             <tr>
              <td>
               <img alt="" border="0" height="1" src="images/pixel_trans.gif" width="1"/>
              </td>
             </tr>
            </table>
           </td>
          </tr>
         </table>
        </td>
       </tr>
       <!-- information_eof //-->
       <!-- information //-->
       <tr>
        <td>
         <table border="0" cellpadding="0" cellspacing="0" width="100%">
          <tr>
           <td class="infoBoxHeading" height="14">
            <img alt="" border="0" height="22" src="images/infobox/corner_left.gif" width="11"/>
           </td>
           <td class="infoBoxHeading" height="14" width="100%">
            Tax Free
           </td>
           <td class="infoBoxHeading" height="14" nowrap="">
            <img alt="" border="0" height="22" src="images/infobox/corner_right.gif" width="11"/>
           </td>
          </tr>
         </table>
         <table border="0" cellpadding="0" cellspacing="0" class="infoBox" width="100%">
          <tr>
           <td>
            <table border="0" cellpadding="3" cellspacing="0" class="infoBoxContents" width="100%">
             <tr>
              <td>
               <img alt="" border="0" height="1" src="images/pixel_trans.gif" width="1"/>
              </td>
             </tr>
             <tr>
              <td align="center" class="boxText">
               <a href="info_pages.php/pages_id/21">
                <img alt="Tax Free" border="0" height="90" src="images/eigene_bilder/steuerfr-180.png" width="180"/>
               </a>
              </td>
             </tr>
             <tr>
              <td>
               <img alt="" border="0" height="1" src="images/pixel_trans.gif" width="1"/>
              </td>
             </tr>
            </table>
           </td>
          </tr>
         </table>
        </td>
       </tr>
       <!-- information_eof //-->
       <!-- whats_new //-->
       <tr>
        <td>
         <table border="0" cellpadding="0" cellspacing="0" width="100%">
          <tr>
           <td class="infoBoxHeading" height="14">
            <img alt="" border="0" height="22" src="images/infobox/corner_left.gif" width="11"/>
           </td>
           <td class="infoBoxHeading" height="14" width="100%">
            Neue Produkte
           </td>
           <td class="infoBoxHeading" height="14" nowrap="">
            <a href="https://www.aquafair.de/products_new.php?osCsid=d608357305b12187b01c937a8456ed8d">
             <img alt="Zeige mehr" border="0" height="20" src="images/infobox/arrow_right.gif" title=" Zeige mehr " width="12"/>
            </a>
            <img alt="" border="0" height="22" src="images/infobox/corner_right.gif" width="11"/>
           </td>
          </tr>
         </table>
         <table border="0" cellpadding="0" cellspacing="0" class="infoBox" width="100%">
          <tr>
           <td>
            <table border="0" cellpadding="3" cellspacing="0" class="infoBoxContents" width="100%">
             <tr>
              <td>
               <img alt="" border="0" height="1" src="images/pixel_trans.gif" width="1"/>
              </td>
             </tr>
             <tr>
              <td align="center" class="boxText">
               <a href="https://www.aquafair.de/product_info.php/products_id/5683?osCsid=d608357305b12187b01c937a8456ed8d">
                <img alt="Red Sea Filter Media Cup Filtermedienbecher (R42177)" border="0" height="150" src="images/Red Sea Media Cup-150x150.jpg" title=" Red Sea Filter Media Cup Filtermedienbecher (R42177) " width="150"/>
               </a>
               <br/>
               <a href="https://www.aquafair.de/product_info.php/products_id/5683?osCsid=d608357305b12187b01c937a8456ed8d">
                Red Sea Filter Media Cup Filtermedienbecher (R42177)
               </a>
               <br/>
               17,95 EUR
               <br/>
               <div class="tax_info">
                [inkl. 19% MwSt zzgl.
                <a class="tax_info" href="https://www.aquafair.de/shipping.php?osCsid=d608357305b12187b01c937a8456ed8d">
                 <u>
                  Versandkosten.
                 </u>
                </a>
                ]
               </div>
               <br/>
               <br/>
              </td>
             </tr>
             <tr>
              <td>
               <img alt="" border="0" height="1" src="images/pixel_trans.gif" width="1"/>
              </td>
             </tr>
            </table>
           </td>
          </tr>
         </table>
        </td>
       </tr>
       <!-- whats_new_eof //-->
       <!-- specials //-->
       <tr>
        <td>
         <table border="0" cellpadding="0" cellspacing="0" width="100%">
          <tr>
           <td class="infoBoxHeading" height="14">
            <img alt="" border="0" height="22" src="images/infobox/corner_left.gif" width="11"/>
           </td>
           <td class="infoBoxHeading" height="14" width="100%">
            Angebote
           </td>
           <td class="infoBoxHeading" height="14" nowrap="">
            <a href="https://www.aquafair.de/specials.php?osCsid=d608357305b12187b01c937a8456ed8d">
             <img alt="Zeige mehr" border="0" height="20" src="images/infobox/arrow_right.gif" title=" Zeige mehr " width="12"/>
            </a>
            <img alt="" border="0" height="22" src="images/infobox/corner_right.gif" width="11"/>
           </td>
          </tr>
         </table>
         <table border="0" cellpadding="0" cellspacing="0" class="infoBox" width="100%">
          <tr>
           <td>
            <table border="0" cellpadding="3" cellspacing="0" class="infoBoxContents" width="100%">
             <tr>
              <td>
               <img alt="" border="0" height="1" src="images/pixel_trans.gif" width="1"/>
              </td>
             </tr>
             <tr>
              <td align="center" class="boxText">
               <marquee class="ticker" direction="up" height="180" onmouseout="this.start()" onmouseover="this.stop()" scrollamount="2" width="100%">
                <center>
                 <a href="https://www.aquafair.de/product_info.php/products_id/5391?osCsid=d608357305b12187b01c937a8456ed8d">
                  <img alt="ATI Hybrid LED-Powermodul 6x24 Watt T5+1x75 Watt LED" border="0" height="150" src="images/ATI_LED_PM_Mont2-150x150.jpg" title=" ATI Hybrid LED-Powermodul 6x24 Watt T5+1x75 Watt LED " width="150"/>
                 </a>
                 <br/>
                 <a href="https://www.aquafair.de/product_info.php/products_id/5391?osCsid=d608357305b12187b01c937a8456ed8d">
                  ATI Hybrid LED-Powermodul 6x24 Watt T5+1x75 Watt LED
                 </a>
                 <br/>
                 Ehemaliger Verkäuferpreis
                 <s>
                  949,00 EUR
                 </s>
                 <br/>
                 jetzt nur
                 <span class="productSpecialPrice">
                  859,90 EUR
                  <br/>
                  <div class="tax_info">
                   [inkl. 19% MwSt zzgl.
                   <a class="tax_info" href="https://www.aquafair.de/shipping.php?osCsid=d608357305b12187b01c937a8456ed8d">
                    <u>
                     Versandkosten.
                    </u>
                   </a>
                   ]
                  </div>
                  Neue Version mit WIFI!
                  <br/>
                 </span>
                 <br/>
                 <center>
                  <a href="https://www.aquafair.de/product_info.php/products_id/3361?osCsid=d608357305b12187b01c937a8456ed8d">
                   <img alt="Deltec SC 2060 + CSM 2060 Reinigungssystem" border="0" height="150" src="images/sc260-150x150.jpg" title=" Deltec SC 2060 + CSM 2060 Reinigungssystem " width="150"/>
                  </a>
                  <br/>
                  <a href="https://www.aquafair.de/product_info.php/products_id/3361?osCsid=d608357305b12187b01c937a8456ed8d">
                   Deltec SC 2060 + CSM 2060 Reinigungssystem
                  </a>
                  <br/>
                  Ehemaliger Verkäuferpreis
                  <s>
                   849,00 EUR
                  </s>
                  <br/>
                  jetzt nur
                  <span class="productSpecialPrice">
                   799,00 EUR
                   <br/>
                   <div class="tax_info">
                    [inkl. 19% MwSt zzgl.
                    <a class="tax_info" href="https://www.aquafair.de/shipping.php?osCsid=d608357305b12187b01c937a8456ed8d">
                     <u>
                      Versandkosten.
                     </u>
                    </a>
                    ]
                   </div>
                   Versandkostenfrei in DE
                   <br/>
                  </span>
                  <br/>
                  <center>
                   <a href="https://www.aquafair.de/product_info.php/products_id/3810?osCsid=d608357305b12187b01c937a8456ed8d">
                    <img alt="AquaLight Dosierpumpe SD-01M programmierbar / 1-99ml/Impuls" border="0" height="150" src="images/Aqua light Dosierpumpe SD-01M-150x150.jpg" title=" AquaLight Dosierpumpe SD-01M programmierbar / 1-99ml/Impuls " width="150"/>
                   </a>
                   <br/>
                   <a href="https://www.aquafair.de/product_info.php/products_id/3810?osCsid=d608357305b12187b01c937a8456ed8d">
                    AquaLight Dosierpumpe SD-01M programmierbar / 1-99ml/Impuls
                   </a>
                   <br/>
                   Ehemaliger Verkäuferpreis
                   <s>
                    89,50 EUR
                   </s>
                   <br/>
                   jetzt nur
                   <span class="productSpecialPrice">
                    67,13 EUR
                    <br/>
                    <div class="tax_info">
                     [inkl. 19% MwSt zzgl.
                     <a class="tax_info" href="https://www.aquafair.de/shipping.php?osCsid=d608357305b12187b01c937a8456ed8d">
                      <u>
                       Versandkosten.
                      </u>
                     </a>
                     ]
                    </div>
                    <br/>
                   </span>
                   <br/>
                   <center>
                    <a href="https://www.aquafair.de/product_info.php/products_id/3786?osCsid=d608357305b12187b01c937a8456ed8d">
                     <img alt="Coral-Reef Exclusiv Natursalz, 7 kg, Eimer" border="0" height="150" src="images/Meersalz 7 kg exclusiv A6-150x150.jpg" title=" Coral-Reef Exclusiv Natursalz, 7 kg, Eimer " width="150"/>
                    </a>
                    <br/>
                    <a href="https://www.aquafair.de/product_info.php/products_id/3786?osCsid=d608357305b12187b01c937a8456ed8d">
                     Coral-Reef Exclusiv Natursalz, 7 kg, Eimer
                    </a>
                    <br/>
                    Ehemaliger Verkäuferpreis
                    <s>
                     24,95 EUR
                    </s>
                    <br/>
                    jetzt nur
                    <span class="productSpecialPrice">
                     21,21 EUR
                     <br/>
                     <div class="tax_info">
                      [inkl. 19% MwSt zzgl.
                      <a class="tax_info" href="https://www.aquafair.de/shipping.php?osCsid=d608357305b12187b01c937a8456ed8d">
                       <u>
                        Versandkosten.
                       </u>
                      </a>
                      ]
                     </div>
                     Grundpreis: 3,03 €/kg
                     <br/>
                    </span>
                    <br/>
                    <center>
                     <a href="https://www.aquafair.de/product_info.php/products_id/4143?osCsid=d608357305b12187b01c937a8456ed8d">
                      <img alt="Aqua Medic spectrus 90, LED Aquarienleuchte" border="0" height="150" src="images/Aqua Medic spectrus Montage-150x150.jpg" title=" Aqua Medic spectrus 90, LED Aquarienleuchte " width="150"/>
                     </a>
                     <br/>
                     <a href="https://www.aquafair.de/product_info.php/products_id/4143?osCsid=d608357305b12187b01c937a8456ed8d">
                      Aqua Medic spectrus 90, LED Aquarienleuchte
                     </a>
                     <br/>
                     Ehemaliger Verkäuferpreis
                     <s>
                      944,00 EUR
                     </s>
                     <br/>
                     jetzt nur
                     <span class="productSpecialPrice">
                      799,00 EUR
                      <br/>
                      <div class="tax_info">
                       [inkl. 19% MwSt zzgl.
                       <a class="tax_info" href="https://www.aquafair.de/shipping.php?osCsid=d608357305b12187b01c937a8456ed8d">
                        <u>
                         Versandkosten.
                        </u>
                       </a>
                       ]
                      </div>
                      Versandkostenfrei in DE!
                      <br/>
                     </span>
                     <br/>
                     <center>
                      <a href="https://www.aquafair.de/product_info.php/products_id/3447?osCsid=d608357305b12187b01c937a8456ed8d">
                       <img alt="ATI Hybrid LED-Powermodul 4x24 Watt T5+1x75 Watt LED" border="0" height="150" src="images/ATI_LED_PM_Mont2-150x150.jpg" title=" ATI Hybrid LED-Powermodul 4x24 Watt T5+1x75 Watt LED " width="150"/>
                      </a>
                      <br/>
                      <a href="https://www.aquafair.de/product_info.php/products_id/3447?osCsid=d608357305b12187b01c937a8456ed8d">
                       ATI Hybrid LED-Powermodul 4x24 Watt T5+1x75 Watt LED
                      </a>
                      <br/>
                      Ehemaliger Verkäuferpreis
                      <s>
                       855,00 EUR
                      </s>
                      <br/>
                      jetzt nur
                      <span class="productSpecialPrice">
                       799,90 EUR
                       <br/>
                       <div class="tax_info">
                        [inkl. 19% MwSt zzgl.
                        <a class="tax_info" href="https://www.aquafair.de/shipping.php?osCsid=d608357305b12187b01c937a8456ed8d">
                         <u>
                          Versandkosten.
                         </u>
                        </a>
                        ]
                       </div>
                       Neue Version mit WIFI!
                       <br/>
                      </span>
                      <br/>
                      <center>
                       <a href="https://www.aquafair.de/product_info.php/products_id/5494?osCsid=d608357305b12187b01c937a8456ed8d">
                        <img alt="Theiling Rollermat XC Vliesfilter" border="0" height="150" src="images/Theiling Rollermat XC Montage-150x150.jpg" title=" Theiling Rollermat XC Vliesfilter " width="150"/>
                       </a>
                       <br/>
                       <a href="https://www.aquafair.de/product_info.php/products_id/5494?osCsid=d608357305b12187b01c937a8456ed8d">
                        Theiling Rollermat XC Vliesfilter
                       </a>
                       <br/>
                       Ehemaliger Verkäuferpreis
                       <s>
                        998,00 EUR
                       </s>
                       <br/>
                       jetzt nur
                       <span class="productSpecialPrice">
                        898,20 EUR
                        <br/>
                        <div class="tax_info">
                         [inkl. 19% MwSt zzgl.
                         <a class="tax_info" href="https://www.aquafair.de/shipping.php?osCsid=d608357305b12187b01c937a8456ed8d">
                          <u>
                           Versandkosten.
                          </u>
                         </a>
                         ]
                        </div>
                        <br/>
                       </span>
                       <br/>
                       <center>
                        <a href="https://www.aquafair.de/product_info.php/products_id/3724?osCsid=d608357305b12187b01c937a8456ed8d">
                         <img alt="ATI Hybrid LED-Powermodul 4x54 Watt T5+3x75 Watt LED+Röhren" border="0" height="150" src="images/ATI_LED_PM_Mont2-150x150.jpg" title=" ATI Hybrid LED-Powermodul 4x54 Watt T5+3x75 Watt LED+Röhren " width="150"/>
                        </a>
                        <br/>
                        <a href="https://www.aquafair.de/product_info.php/products_id/3724?osCsid=d608357305b12187b01c937a8456ed8d">
                         ATI Hybrid LED-Powermodul 4x54 Watt T5+3x75 Watt LED+Röhren
                        </a>
                        <br/>
                        Ehemaliger Verkäuferpreis
                        <s>
                         1.399,00 EUR
                        </s>
                        <br/>
                        jetzt nur
                        <span class="productSpecialPrice">
                         1.344,90 EUR
                         <br/>
                         <div class="tax_info">
                          [inkl. 19% MwSt zzgl.
                          <a class="tax_info" href="https://www.aquafair.de/shipping.php?osCsid=d608357305b12187b01c937a8456ed8d">
                           <u>
                            Versandkosten.
                           </u>
                          </a>
                          ]
                         </div>
                         Neue Version mit WIFI!
                         <br/>
                        </span>
                        <br/>
                        <center>
                         <a href="https://www.aquafair.de/product_info.php/products_id/3490?osCsid=d608357305b12187b01c937a8456ed8d">
                          <img alt="Aqua Light Temperatur Controller 2 in 1 TC 320" border="0" height="150" src="images/TempController-150x150.jpg" title=" Aqua Light Temperatur Controller 2 in 1 TC 320 " width="150"/>
                         </a>
                         <br/>
                         <a href="https://www.aquafair.de/product_info.php/products_id/3490?osCsid=d608357305b12187b01c937a8456ed8d">
                          Aqua Light Temperatur Controller 2 in 1 TC 320
                         </a>
                         <br/>
                         Ehemaliger Verkäuferpreis
                         <s>
                          49,00 EUR
                         </s>
                         <br/>
                         jetzt nur
                         <span class="productSpecialPrice">
                          39,20 EUR
                          <br/>
                          <div class="tax_info">
                           [inkl. 19% MwSt zzgl.
                           <a class="tax_info" href="https://www.aquafair.de/shipping.php?osCsid=d608357305b12187b01c937a8456ed8d">
                            <u>
                             Versandkosten.
                            </u>
                           </a>
                           ]
                          </div>
                          <br/>
                         </span>
                         <br/>
                         <center>
                          <a href="https://www.aquafair.de/product_info.php/products_id/3732?osCsid=d608357305b12187b01c937a8456ed8d">
                           <img alt="ATI Jebao RW-20 Strömungspumpe" border="0" height="150" src="images/ATI J Pumpen-150x150.jpg" title=" ATI Jebao RW-20 Strömungspumpe " width="150"/>
                          </a>
                          <br/>
                          <a href="https://www.aquafair.de/product_info.php/products_id/3732?osCsid=d608357305b12187b01c937a8456ed8d">
                           ATI Jebao RW-20 Strömungspumpe
                          </a>
                          <br/>
                          Ehemaliger Verkäuferpreis
                          <s>
                           119,00 EUR
                          </s>
                          <br/>
                          jetzt nur
                          <span class="productSpecialPrice">
                           114,89 EUR
                           <br/>
                           <div class="tax_info">
                            [inkl. 19% MwSt zzgl.
                            <a class="tax_info" href="https://www.aquafair.de/shipping.php?osCsid=d608357305b12187b01c937a8456ed8d">
                             <u>
                              Versandkosten.
                             </u>
                            </a>
                            ]
                           </div>
                           Versandkostenfrei in DE!
                           <br/>
                          </span>
                          <br/>
                          <center>
                           <a href="https://www.aquafair.de/product_info.php/products_id/5595?osCsid=d608357305b12187b01c937a8456ed8d">
                            <img alt="Philips CoralCare LED VERSION 2018 Set 1 Weiß" border="0" height="150" src="images/Philips CoralCare 3 Farben Produktbild-150x150.jpg" title=" Philips CoralCare LED VERSION 2018 Set 1 Weiß " width="150"/>
                           </a>
                           <br/>
                           <a href="https://www.aquafair.de/product_info.php/products_id/5595?osCsid=d608357305b12187b01c937a8456ed8d">
                            Philips CoralCare LED VERSION 2018 Set 1 Weiß
                           </a>
                           <br/>
                           Ehemaliger Verkäuferpreis
                           <s>
                            799,00 EUR
                           </s>
                           <br/>
                           jetzt nur
                           <span class="productSpecialPrice">
                            738,99 EUR
                            <br/>
                            <div class="tax_info">
                             [inkl. 19% MwSt zzgl.
                             <a class="tax_info" href="https://www.aquafair.de/shipping.php?osCsid=d608357305b12187b01c937a8456ed8d">
                              <u>
                               Versandkosten.
                              </u>
                             </a>
                             ]
                            </div>
                            NEUE VERSION 2018!
                            <br/>
                           </span>
                           <br/>
                           <center>
                            <a href="https://www.aquafair.de/product_info.php/products_id/2716?osCsid=d608357305b12187b01c937a8456ed8d">
                             <img alt="GHL ProfiLux Touch" border="0" height="150" src="images/ProfiLuxTouchOverview_500x352-150x150.jpg" title=" GHL ProfiLux Touch " width="150"/>
                            </a>
                            <br/>
                            <a href="https://www.aquafair.de/product_info.php/products_id/2716?osCsid=d608357305b12187b01c937a8456ed8d">
                             GHL ProfiLux Touch
                            </a>
                            <br/>
                            Ehemaliger Verkäuferpreis
                            <s>
                             272,90 EUR
                            </s>
                            <br/>
                            jetzt nur
                            <span class="productSpecialPrice">
                             265,00 EUR
                             <br/>
                             <div class="tax_info">
                              [inkl. 19% MwSt zzgl.
                              <a class="tax_info" href="https://www.aquafair.de/shipping.php?osCsid=d608357305b12187b01c937a8456ed8d">
                               <u>
                                Versandkosten.
                               </u>
                              </a>
                              ]
                             </div>
                             Versandkostenfrei!
                             <br/>
                            </span>
                            <br/>
                            <center>
                             <a href="https://www.aquafair.de/product_info.php/products_id/3983?osCsid=d608357305b12187b01c937a8456ed8d">
                              <img alt="Aquaforest Probiotic Reef Salt, 10 kg, Eimer" border="0" height="150" src="images/Aquaforest Probiotic Reef Salt 10 kg-150x150.jpg" title=" Aquaforest Probiotic Reef Salt, 10 kg, Eimer " width="150"/>
                             </a>
                             <br/>
                             <a href="https://www.aquafair.de/product_info.php/products_id/3983?osCsid=d608357305b12187b01c937a8456ed8d">
                              Aquaforest Probiotic Reef Salt, 10 kg, Eimer
                             </a>
                             <br/>
                             Ehemaliger Verkäuferpreis
                             <s>
                              39,90 EUR
                             </s>
                             <br/>
                             jetzt nur
                             <span class="productSpecialPrice">
                              33,92 EUR
                              <br/>
                              <div class="tax_info">
                               [inkl. 19% MwSt zzgl.
                               <a class="tax_info" href="https://www.aquafair.de/shipping.php?osCsid=d608357305b12187b01c937a8456ed8d">
                                <u>
                                 Versandkosten.
                                </u>
                               </a>
                               ]
                              </div>
                              Grundpreis: 3,99 €/kg
                              <br/>
                             </span>
                             <br/>
                             <center>
                              <a href="https://www.aquafair.de/product_info.php/products_id/2266?osCsid=d608357305b12187b01c937a8456ed8d">
                               <img alt="Fauna Marin Balling Salze Calcium-Mix, 4 kg" border="0" height="150" src="images/Fauna Marin Calcium Mix 4 kg-150x150.jpg" title=" Fauna Marin Balling Salze Calcium-Mix, 4 kg " width="150"/>
                              </a>
                              <br/>
                              <a href="https://www.aquafair.de/product_info.php/products_id/2266?osCsid=d608357305b12187b01c937a8456ed8d">
                               Fauna Marin Balling Salze Calcium-Mix, 4 kg
                              </a>
                              <br/>
                              Ehemaliger Verkäuferpreis
                              <s>
                               38,00 EUR
                              </s>
                              <br/>
                              jetzt nur
                              <span class="productSpecialPrice">
                               34,20 EUR
                               <br/>
                               <div class="tax_info">
                                [inkl. 19% MwSt zzgl.
                                <a class="tax_info" href="https://www.aquafair.de/shipping.php?osCsid=d608357305b12187b01c937a8456ed8d">
                                 <u>
                                  Versandkosten.
                                 </u>
                                </a>
                                ]
                               </div>
                               Grundpreis: 9,50 €/kg
                               <br/>
                              </span>
                              <br/>
                              <center>
                               <a href="https://www.aquafair.de/product_info.php/products_id/3719?osCsid=d608357305b12187b01c937a8456ed8d">
                                <img alt="ATI Hybrid LED-Powermodul 4x80 Watt T5+4x75 Watt LED+Röhren" border="0" height="150" src="images/ATI_LED_PM_Mont2-150x150.jpg" title=" ATI Hybrid LED-Powermodul 4x80 Watt T5+4x75 Watt LED+Röhren " width="150"/>
                               </a>
                               <br/>
                               <a href="https://www.aquafair.de/product_info.php/products_id/3719?osCsid=d608357305b12187b01c937a8456ed8d">
                                ATI Hybrid LED-Powermodul 4x80 Watt T5+4x75 Watt LED+Röhren
                               </a>
                               <br/>
                               Ehemaliger Verkäuferpreis
                               <s>
                                1.649,00 EUR
                               </s>
                               <br/>
                               jetzt nur
                               <span class="productSpecialPrice">
                                1.499,90 EUR
                                <br/>
                                <div class="tax_info">
                                 [inkl. 19% MwSt zzgl.
                                 <a class="tax_info" href="https://www.aquafair.de/shipping.php?osCsid=d608357305b12187b01c937a8456ed8d">
                                  <u>
                                   Versandkosten.
                                  </u>
                                 </a>
                                 ]
                                </div>
                                Neue Version mit WIFI!
                                <br/>
                               </span>
                               <br/>
                               <center>
                                <a href="https://www.aquafair.de/product_info.php/products_id/3807?osCsid=d608357305b12187b01c937a8456ed8d">
                                 <img alt="Aqua Light EV800 Eiweißabschäumer" border="0" height="150" src="images/Aqua Light EV800 Eiweissabschaeumer-150x150.jpg" title=" Aqua Light EV800 Eiweißabschäumer " width="150"/>
                                </a>
                                <br/>
                                <a href="https://www.aquafair.de/product_info.php/products_id/3807?osCsid=d608357305b12187b01c937a8456ed8d">
                                 Aqua Light EV800 Eiweißabschäumer
                                </a>
                                <br/>
                                Ehemaliger Verkäuferpreis
                                <s>
                                 289,00 EUR
                                </s>
                                <br/>
                                jetzt nur
                                <span class="productSpecialPrice">
                                 149,95 EUR
                                 <br/>
                                 <div class="tax_info">
                                  [inkl. 19% MwSt zzgl.
                                  <a class="tax_info" href="https://www.aquafair.de/shipping.php?osCsid=d608357305b12187b01c937a8456ed8d">
                                   <u>
                                    Versandkosten.
                                   </u>
                                  </a>
                                  ]
                                 </div>
                                 Keine Versandkosten in DE
                                 <br/>
                                </span>
                                <br/>
                                <center>
                                 <a href="https://www.aquafair.de/product_info.php/products_id/4613?osCsid=d608357305b12187b01c937a8456ed8d">
                                  <img alt="Microbe-Lift Organic Active Salt, 20 kg" border="0" height="150" src="images/ARKA Microbe-Lift Organic Active Salt-150x150.jpg" title=" Microbe-Lift Organic Active Salt, 20 kg " width="150"/>
                                 </a>
                                 <br/>
                                 <a href="https://www.aquafair.de/product_info.php/products_id/4613?osCsid=d608357305b12187b01c937a8456ed8d">
                                  Microbe-Lift Organic Active Salt, 20 kg
                                 </a>
                                 <br/>
                                 Ehemaliger Verkäuferpreis
                                 <s>
                                  89,00 EUR
                                 </s>
                                 <br/>
                                 jetzt nur
                                 <span class="productSpecialPrice">
                                  82,77 EUR
                                  <br/>
                                  <div class="tax_info">
                                   [inkl. 19% MwSt zzgl.
                                   <a class="tax_info" href="https://www.aquafair.de/shipping.php?osCsid=d608357305b12187b01c937a8456ed8d">
                                    <u>
                                     Versandkosten.
                                    </u>
                                   </a>
                                   ]
                                  </div>
                                  Grundpreis: 4,14€/kg
                                  <br/>
                                 </span>
                                 <br/>
                                 <center>
                                  <a href="https://www.aquafair.de/product_info.php/products_id/546?osCsid=d608357305b12187b01c937a8456ed8d">
                                   <img alt="Aquarienventilator StarWind V" border="0" height="150" src="images/Starwind5 Aquarienventilator-150x150.jpg" title=" Aquarienventilator StarWind V " width="150"/>
                                  </a>
                                  <br/>
                                  <a href="https://www.aquafair.de/product_info.php/products_id/546?osCsid=d608357305b12187b01c937a8456ed8d">
                                   Aquarienventilator StarWind V
                                  </a>
                                  <br/>
                                  Ehemaliger Verkäuferpreis
                                  <s>
                                   51,90 EUR
                                  </s>
                                  <br/>
                                  jetzt nur
                                  <span class="productSpecialPrice">
                                   42,90 EUR
                                   <br/>
                                   <div class="tax_info">
                                    [inkl. 19% MwSt zzgl.
                                    <a class="tax_info" href="https://www.aquafair.de/shipping.php?osCsid=d608357305b12187b01c937a8456ed8d">
                                     <u>
                                      Versandkosten.
                                     </u>
                                    </a>
                                    ]
                                   </div>
                                   <br/>
                                  </span>
                                  <br/>
                                  <center>
                                   <a href="https://www.aquafair.de/product_info.php/products_id/5397?osCsid=d608357305b12187b01c937a8456ed8d">
                                    <img alt="ATI Hybrid LED-Powermodul 6x80 Watt T5+4x75 Watt LED" border="0" height="150" src="images/ATI_LED_PM_Mont2-150x150.jpg" title=" ATI Hybrid LED-Powermodul 6x80 Watt T5+4x75 Watt LED " width="150"/>
                                   </a>
                                   <br/>
                                   <a href="https://www.aquafair.de/product_info.php/products_id/5397?osCsid=d608357305b12187b01c937a8456ed8d">
                                    ATI Hybrid LED-Powermodul 6x80 Watt T5+4x75 Watt LED
                                   </a>
                                   <br/>
                                   Ehemaliger Verkäuferpreis
                                   <s>
                                    1.699,00 EUR
                                   </s>
                                   <br/>
                                   jetzt nur
                                   <span class="productSpecialPrice">
                                    1.529,90 EUR
                                    <br/>
                                    <div class="tax_info">
                                     [inkl. 19% MwSt zzgl.
                                     <a class="tax_info" href="https://www.aquafair.de/shipping.php?osCsid=d608357305b12187b01c937a8456ed8d">
                                      <u>
                                       Versandkosten.
                                      </u>
                                     </a>
                                     ]
                                    </div>
                                    Neue Version mit WIFI!
                                    <br/>
                                   </span>
                                   <br/>
                                   <center>
                                    <a href="https://www.aquafair.de/product_info.php/products_id/3452?osCsid=d608357305b12187b01c937a8456ed8d">
                                     <img alt="ATI Hybrid LED-Powermodul 8x39 Watt T5+2x75 Watt LED" border="0" height="150" src="images/ATI_LED_PM_Mont2-150x150.jpg" title=" ATI Hybrid LED-Powermodul 8x39 Watt T5+2x75 Watt LED " width="150"/>
                                    </a>
                                    <br/>
                                    <a href="https://www.aquafair.de/product_info.php/products_id/3452?osCsid=d608357305b12187b01c937a8456ed8d">
                                     ATI Hybrid LED-Powermodul 8x39 Watt T5+2x75 Watt LED
                                    </a>
                                    <br/>
                                    Ehemaliger Verkäuferpreis
                                    <s>
                                     1.305,00 EUR
                                    </s>
                                    <br/>
                                    jetzt nur
                                    <span class="productSpecialPrice">
                                     1.179,90 EUR
                                     <br/>
                                     <div class="tax_info">
                                      [inkl. 19% MwSt zzgl.
                                      <a class="tax_info" href="https://www.aquafair.de/shipping.php?osCsid=d608357305b12187b01c937a8456ed8d">
                                       <u>
                                        Versandkosten.
                                       </u>
                                      </a>
                                      ]
                                     </div>
                                     Neue Version mit WIFI!
                                     <br/>
                                    </span>
                                    <br/>
                                    <center>
                                     <a href="https://www.aquafair.de/product_info.php/products_id/4438?osCsid=d608357305b12187b01c937a8456ed8d">
                                      <img alt="ATI ICP-OES Wasseranalyse, 1 Testkit, inkl. Messung UO-Wasser" border="0" height="150" src="images/ATI ICP-OES Wasseranalyse-150x150.jpg" title=" ATI ICP-OES Wasseranalyse, 1 Testkit, inkl. Messung UO-Wasser " width="150"/>
                                     </a>
                                     <br/>
                                     <a href="https://www.aquafair.de/product_info.php/products_id/4438?osCsid=d608357305b12187b01c937a8456ed8d">
                                      ATI ICP-OES Wasseranalyse, 1 Testkit, inkl. Messung UO-Wasser
                                     </a>
                                     <br/>
                                     Ehemaliger Verkäuferpreis
                                     <s>
                                      34,90 EUR
                                     </s>
                                     <br/>
                                     jetzt nur
                                     <span class="productSpecialPrice">
                                      31,41 EUR
                                      <br/>
                                      <div class="tax_info">
                                       [inkl. 19% MwSt zzgl.
                                       <a class="tax_info" href="https://www.aquafair.de/shipping.php?osCsid=d608357305b12187b01c937a8456ed8d">
                                        <u>
                                         Versandkosten.
                                        </u>
                                       </a>
                                       ]
                                      </div>
                                      <br/>
                                     </span>
                                     <br/>
                                     <center>
                                      <a href="https://www.aquafair.de/product_info.php/products_id/2271?osCsid=d608357305b12187b01c937a8456ed8d">
                                       <img alt="Fauna Marin Balling Light Set" border="0" height="150" src="images/Balling light set-150x150.jpg" title=" Fauna Marin Balling Light Set " width="150"/>
                                      </a>
                                      <br/>
                                      <a href="https://www.aquafair.de/product_info.php/products_id/2271?osCsid=d608357305b12187b01c937a8456ed8d">
                                       Fauna Marin Balling Light Set
                                      </a>
                                      <br/>
                                      Ehemaliger Verkäuferpreis
                                      <s>
                                       99,95 EUR
                                      </s>
                                      <br/>
                                      jetzt nur
                                      <span class="productSpecialPrice">
                                       89,95 EUR
                                       <br/>
                                       <div class="tax_info">
                                        [inkl. 19% MwSt zzgl.
                                        <a class="tax_info" href="https://www.aquafair.de/shipping.php?osCsid=d608357305b12187b01c937a8456ed8d">
                                         <u>
                                          Versandkosten.
                                         </u>
                                        </a>
                                        ]
                                       </div>
                                       Versandkostenfrei in DE!
                                       <br/>
                                      </span>
                                      <br/>
                                      <center>
                                       <a href="https://www.aquafair.de/product_info.php/products_id/3731?osCsid=d608357305b12187b01c937a8456ed8d">
                                        <img alt="ATI Jebao OW-40 Strömungspumpe, 1.200 - 15.000 l/h" border="0" height="150" src="images/Jebao OW-40 Stroemungspumpe-150x150.jpg" title=" ATI Jebao OW-40 Strömungspumpe, 1.200 - 15.000 l/h " width="150"/>
                                       </a>
                                       <br/>
                                       <a href="https://www.aquafair.de/product_info.php/products_id/3731?osCsid=d608357305b12187b01c937a8456ed8d">
                                        ATI Jebao OW-40 Strömungspumpe, 1.200 - 15.000 l/h
                                       </a>
                                       <br/>
                                       Ehemaliger Verkäuferpreis
                                       <s>
                                        89,00 EUR
                                       </s>
                                       <br/>
                                       jetzt nur
                                       <span class="productSpecialPrice">
                                        84,89 EUR
                                        <br/>
                                        <div class="tax_info">
                                         [inkl. 19% MwSt zzgl.
                                         <a class="tax_info" href="https://www.aquafair.de/shipping.php?osCsid=d608357305b12187b01c937a8456ed8d">
                                          <u>
                                           Versandkosten.
                                          </u>
                                         </a>
                                         ]
                                        </div>
                                        Versandkostenfrei in DE!
                                        <br/>
                                       </span>
                                       <br/>
                                       <center>
                                        <a href="https://www.aquafair.de/product_info.php/products_id/2952?osCsid=d608357305b12187b01c937a8456ed8d">
                                         <img alt="sangokai sango nutri-spur basic, 250 ml" border="0" height="150" src="images/sangokai nutri-spur basic-150x150.jpg" title=" sangokai sango nutri-spur basic, 250 ml " width="150"/>
                                        </a>
                                        <br/>
                                        <a href="https://www.aquafair.de/product_info.php/products_id/2952?osCsid=d608357305b12187b01c937a8456ed8d">
                                         sangokai sango nutri-spur basic, 250 ml
                                        </a>
                                        <br/>
                                        Ehemaliger Verkäuferpreis
                                        <s>
                                         12,95 EUR
                                        </s>
                                        <br/>
                                        jetzt nur
                                        <span class="productSpecialPrice">
                                         10,75 EUR
                                         <br/>
                                         <div class="tax_info">
                                          [inkl. 19% MwSt zzgl.
                                          <a class="tax_info" href="https://www.aquafair.de/shipping.php?osCsid=d608357305b12187b01c937a8456ed8d">
                                           <u>
                                            Versandkosten.
                                           </u>
                                          </a>
                                          ]
                                         </div>
                                         Grundpreis: 43,00 €/l
                                         <br/>
                                        </span>
                                        <br/>
                                        <center>
                                         <a href="https://www.aquafair.de/product_info.php/products_id/3450?osCsid=d608357305b12187b01c937a8456ed8d">
                                          <img alt="ATI Hybrid LED-Powermodul 4x80 Watt T5+4x75 Watt LED" border="0" height="150" src="images/ATI_LED_PM_Mont2-150x150.jpg" title=" ATI Hybrid LED-Powermodul 4x80 Watt T5+4x75 Watt LED " width="150"/>
                                         </a>
                                         <br/>
                                         <a href="https://www.aquafair.de/product_info.php/products_id/3450?osCsid=d608357305b12187b01c937a8456ed8d">
                                          ATI Hybrid LED-Powermodul 4x80 Watt T5+4x75 Watt LED
                                         </a>
                                         <br/>
                                         Ehemaliger Verkäuferpreis
                                         <s>
                                          1.575,00 EUR
                                         </s>
                                         <br/>
                                         jetzt nur
                                         <span class="productSpecialPrice">
                                          1.429,90 EUR
                                          <br/>
                                          <div class="tax_info">
                                           [inkl. 19% MwSt zzgl.
                                           <a class="tax_info" href="https://www.aquafair.de/shipping.php?osCsid=d608357305b12187b01c937a8456ed8d">
                                            <u>
                                             Versandkosten.
                                            </u>
                                           </a>
                                           ]
                                          </div>
                                          Neue Version mit WIFI!
                                          <br/>
                                         </span>
                                         <br/>
                                         <center>
                                          <a href="https://www.aquafair.de/product_info.php/products_id/5394?osCsid=d608357305b12187b01c937a8456ed8d">
                                           <img alt="ATI Hybrid LED-Powermodul 6x39 Watt T5+2x75 Watt LED+Röhren" border="0" height="150" src="images/ATI_LED_PM_Mont2-150x150.jpg" title=" ATI Hybrid LED-Powermodul 6x39 Watt T5+2x75 Watt LED+Röhren " width="150"/>
                                          </a>
                                          <br/>
                                          <a href="https://www.aquafair.de/product_info.php/products_id/5394?osCsid=d608357305b12187b01c937a8456ed8d">
                                           ATI Hybrid LED-Powermodul 6x39 Watt T5+2x75 Watt LED+Röhren
                                          </a>
                                          <br/>
                                          Ehemaliger Verkäuferpreis
                                          <s>
                                           1.299,00 EUR
                                          </s>
                                          <br/>
                                          jetzt nur
                                          <span class="productSpecialPrice">
                                           1.184,90 EUR
                                           <br/>
                                           <div class="tax_info">
                                            [inkl. 19% MwSt zzgl.
                                            <a class="tax_info" href="https://www.aquafair.de/shipping.php?osCsid=d608357305b12187b01c937a8456ed8d">
                                             <u>
                                              Versandkosten.
                                             </u>
                                            </a>
                                            ]
                                           </div>
                                           Neue Version mit WIFI!
                                           <br/>
                                          </span>
                                          <br/>
                                          <center>
                                           <a href="https://www.aquafair.de/product_info.php/products_id/4612?osCsid=d608357305b12187b01c937a8456ed8d">
                                            <img alt="Microbe-Lift Organic Active Salt, 10 kg" border="0" height="150" src="images/ARKA Microbe-Lift Organic Active Salt-150x150.jpg" title=" Microbe-Lift Organic Active Salt, 10 kg " width="150"/>
                                           </a>
                                           <br/>
                                           <a href="https://www.aquafair.de/product_info.php/products_id/4612?osCsid=d608357305b12187b01c937a8456ed8d">
                                            Microbe-Lift Organic Active Salt, 10 kg
                                           </a>
                                           <br/>
                                           Ehemaliger Verkäuferpreis
                                           <s>
                                            49,00 EUR
                                           </s>
                                           <br/>
                                           jetzt nur
                                           <span class="productSpecialPrice">
                                            44,59 EUR
                                            <br/>
                                            <div class="tax_info">
                                             [inkl. 19% MwSt zzgl.
                                             <a class="tax_info" href="https://www.aquafair.de/shipping.php?osCsid=d608357305b12187b01c937a8456ed8d">
                                              <u>
                                               Versandkosten.
                                              </u>
                                             </a>
                                             ]
                                            </div>
                                            Grundpreis: 4,46€/kg
                                            <br/>
                                           </span>
                                           <br/>
                                           <center>
                                            <a href="https://www.aquafair.de/product_info.php/products_id/5599?osCsid=d608357305b12187b01c937a8456ed8d">
                                             <img alt="Philips CoralCare LED VERSION 2018 Schwarz" border="0" height="150" src="images/Philips CoralCare 3 Farben Produktbild-150x150.jpg" title=" Philips CoralCare LED VERSION 2018 Schwarz " width="150"/>
                                            </a>
                                            <br/>
                                            <a href="https://www.aquafair.de/product_info.php/products_id/5599?osCsid=d608357305b12187b01c937a8456ed8d">
                                             Philips CoralCare LED VERSION 2018 Schwarz
                                            </a>
                                            <br/>
                                            Ehemaliger Verkäuferpreis
                                            <s>
                                             739,00 EUR
                                            </s>
                                            <br/>
                                            jetzt nur
                                            <span class="productSpecialPrice">
                                             668,99 EUR
                                             <br/>
                                             <div class="tax_info">
                                              [inkl. 19% MwSt zzgl.
                                              <a class="tax_info" href="https://www.aquafair.de/shipping.php?osCsid=d608357305b12187b01c937a8456ed8d">
                                               <u>
                                                Versandkosten.
                                               </u>
                                              </a>
                                              ]
                                             </div>
                                             NEUE VERSION 2018!
                                             <br/>
                                            </span>
                                            <br/>
                                            <center>
                                             <a href="https://www.aquafair.de/product_info.php/products_id/5393?osCsid=d608357305b12187b01c937a8456ed8d">
                                              <img alt="ATI Hybrid LED-Powermodul 6x39 Watt T5+2x75 Watt LED" border="0" height="150" src="images/ATI_LED_PM_Mont2-150x150.jpg" title=" ATI Hybrid LED-Powermodul 6x39 Watt T5+2x75 Watt LED " width="150"/>
                                             </a>
                                             <br/>
                                             <a href="https://www.aquafair.de/product_info.php/products_id/5393?osCsid=d608357305b12187b01c937a8456ed8d">
                                              ATI Hybrid LED-Powermodul 6x39 Watt T5+2x75 Watt LED
                                             </a>
                                             <br/>
                                             Ehemaliger Verkäuferpreis
                                             <s>
                                              1.219,00 EUR
                                             </s>
                                             <br/>
                                             jetzt nur
                                             <span class="productSpecialPrice">
                                              1.099,90 EUR
                                              <br/>
                                              <div class="tax_info">
                                               [inkl. 19% MwSt zzgl.
                                               <a class="tax_info" href="https://www.aquafair.de/shipping.php?osCsid=d608357305b12187b01c937a8456ed8d">
                                                <u>
                                                 Versandkosten.
                                                </u>
                                               </a>
                                               ]
                                              </div>
                                              Neue Version mit WIFI!
                                              <br/>
                                             </span>
                                             <br/>
                                             <center>
                                              <a href="https://www.aquafair.de/product_info.php/products_id/5534?osCsid=d608357305b12187b01c937a8456ed8d">
                                               <img alt="Aqua Medic angel LED 200, weiss" border="0" height="150" src="images/Aqua Medic angel LED 200 Weiss-150x150.jpg" title=" Aqua Medic angel LED 200, weiss " width="150"/>
                                              </a>
                                              <br/>
                                              <a href="https://www.aquafair.de/product_info.php/products_id/5534?osCsid=d608357305b12187b01c937a8456ed8d">
                                               Aqua Medic angel LED 200, weiss
                                              </a>
                                              <br/>
                                              Ehemaliger Verkäuferpreis
                                              <s>
                                               949,00 EUR
                                              </s>
                                              <br/>
                                              jetzt nur
                                              <span class="productSpecialPrice">
                                               889,00 EUR
                                               <br/>
                                               <div class="tax_info">
                                                [inkl. 19% MwSt zzgl.
                                                <a class="tax_info" href="https://www.aquafair.de/shipping.php?osCsid=d608357305b12187b01c937a8456ed8d">
                                                 <u>
                                                  Versandkosten.
                                                 </u>
                                                </a>
                                                ]
                                               </div>
                                               Versandkostenfrei in DE!
                                               <br/>
                                              </span>
                                              <br/>
                                              <center>
                                               <a href="https://www.aquafair.de/product_info.php/products_id/5168?osCsid=d608357305b12187b01c937a8456ed8d">
                                                <img alt="Aqua Medic Umkehrosmoseanlage platinum line plus" border="0" height="150" src="images/Aqua Medic Umkehrosmoseanlage platinum Line plus-150x150.jpg" title=" Aqua Medic Umkehrosmoseanlage platinum line plus " width="150"/>
                                               </a>
                                               <br/>
                                               <a href="https://www.aquafair.de/product_info.php/products_id/5168?osCsid=d608357305b12187b01c937a8456ed8d">
                                                Aqua Medic Umkehrosmoseanlage platinum line plus
                                               </a>
                                               <br/>
                                               Ehemaliger Verkäuferpreis
                                               <s>
                                                269,00 EUR
                                               </s>
                                               <br/>
                                               jetzt nur
                                               <span class="productSpecialPrice">
                                                249,90 EUR
                                                <br/>
                                                <div class="tax_info">
                                                 [inkl. 19% MwSt zzgl.
                                                 <a class="tax_info" href="https://www.aquafair.de/shipping.php?osCsid=d608357305b12187b01c937a8456ed8d">
                                                  <u>
                                                   Versandkosten.
                                                  </u>
                                                 </a>
                                                 ]
                                                </div>
                                                Versandkostenfrei in DE!
                                                <br/>
                                               </span>
                                               <br/>
                                               <center>
                                                <a href="https://www.aquafair.de/product_info.php/products_id/3730?osCsid=d608357305b12187b01c937a8456ed8d">
                                                 <img alt="ATI Jebao OW-25 Strömungspumpe, 700 - 8.500 l/h" border="0" height="150" src="images/Jebao OW-25 Stroemungspumpe-150x150.jpg" title=" ATI Jebao OW-25 Strömungspumpe, 700 - 8.500 l/h " width="150"/>
                                                </a>
                                                <br/>
                                                <a href="https://www.aquafair.de/product_info.php/products_id/3730?osCsid=d608357305b12187b01c937a8456ed8d">
                                                 ATI Jebao OW-25 Strömungspumpe, 700 - 8.500 l/h
                                                </a>
                                                <br/>
                                                Ehemaliger Verkäuferpreis
                                                <s>
                                                 79,00 EUR
                                                </s>
                                                <br/>
                                                jetzt nur
                                                <span class="productSpecialPrice">
                                                 74,90 EUR
                                                 <br/>
                                                 <div class="tax_info">
                                                  [inkl. 19% MwSt zzgl.
                                                  <a class="tax_info" href="https://www.aquafair.de/shipping.php?osCsid=d608357305b12187b01c937a8456ed8d">
                                                   <u>
                                                    Versandkosten.
                                                   </u>
                                                  </a>
                                                  ]
                                                 </div>
                                                 Versandkostenfrei in DE!
                                                 <br/>
                                                </span>
                                                <br/>
                                                <center>
                                                 <a href="https://www.aquafair.de/product_info.php/products_id/3560?osCsid=d608357305b12187b01c937a8456ed8d">
                                                  <img alt="Temperatur Controller 2 in 1" border="0" height="150" src="images/TempController-150x150.jpg" title=" Temperatur Controller 2 in 1 " width="150"/>
                                                 </a>
                                                 <br/>
                                                 <a href="https://www.aquafair.de/product_info.php/products_id/3560?osCsid=d608357305b12187b01c937a8456ed8d">
                                                  Temperatur Controller 2 in 1
                                                 </a>
                                                 <br/>
                                                 Ehemaliger Verkäuferpreis
                                                 <s>
                                                  49,00 EUR
                                                 </s>
                                                 <br/>
                                                 jetzt nur
                                                 <span class="productSpecialPrice">
                                                  39,20 EUR
                                                  <br/>
                                                  <div class="tax_info">
                                                   [inkl. 19% MwSt zzgl.
                                                   <a class="tax_info" href="https://www.aquafair.de/shipping.php?osCsid=d608357305b12187b01c937a8456ed8d">
                                                    <u>
                                                     Versandkosten.
                                                    </u>
                                                   </a>
                                                   ]
                                                  </div>
                                                  <br/>
                                                 </span>
                                                 <br/>
                                                 <center>
                                                  <a href="https://www.aquafair.de/product_info.php/products_id/2269?osCsid=d608357305b12187b01c937a8456ed8d">
                                                   <img alt="Fauna Marin Balling Salz Carbonate-Mix , 4 kg" border="0" height="150" src="images/Fauna Marin Carbonate Mix 4 kg-150x150.jpg" title=" Fauna Marin Balling Salz Carbonate-Mix , 4 kg " width="150"/>
                                                  </a>
                                                  <br/>
                                                  <a href="https://www.aquafair.de/product_info.php/products_id/2269?osCsid=d608357305b12187b01c937a8456ed8d">
                                                   Fauna Marin Balling Salz Carbonate-Mix , 4 kg
                                                  </a>
                                                  <br/>
                                                  Ehemaliger Verkäuferpreis
                                                  <s>
                                                   38,95 EUR
                                                  </s>
                                                  <br/>
                                                  jetzt nur
                                                  <span class="productSpecialPrice">
                                                   35,06 EUR
                                                   <br/>
                                                   <div class="tax_info">
                                                    [inkl. 19% MwSt zzgl.
                                                    <a class="tax_info" href="https://www.aquafair.de/shipping.php?osCsid=d608357305b12187b01c937a8456ed8d">
                                                     <u>
                                                      Versandkosten.
                                                     </u>
                                                    </a>
                                                    ]
                                                   </div>
                                                   Grundpreis: 9,74 €/kg
                                                   <br/>
                                                  </span>
                                                  <br/>
                                                  <center>
                                                   <a href="https://www.aquafair.de/product_info.php/products_id/5326?osCsid=d608357305b12187b01c937a8456ed8d">
                                                    <img alt="Aquaforest Probiotic Reef Salt, 25 kg, Box" border="0" height="150" src="images/Aquaforest Probiotic Reef Salt 25 kg-150x150.jpg" title=" Aquaforest Probiotic Reef Salt, 25 kg, Box " width="150"/>
                                                   </a>
                                                   <br/>
                                                   <a href="https://www.aquafair.de/product_info.php/products_id/5326?osCsid=d608357305b12187b01c937a8456ed8d">
                                                    Aquaforest Probiotic Reef Salt, 25 kg, Box
                                                   </a>
                                                   <br/>
                                                   Ehemaliger Verkäuferpreis
                                                   <s>
                                                    75,00 EUR
                                                   </s>
                                                   <br/>
                                                   jetzt nur
                                                   <span class="productSpecialPrice">
                                                    67,50 EUR
                                                    <br/>
                                                    <div class="tax_info">
                                                     [inkl. 19% MwSt zzgl.
                                                     <a class="tax_info" href="https://www.aquafair.de/shipping.php?osCsid=d608357305b12187b01c937a8456ed8d">
                                                      <u>
                                                       Versandkosten.
                                                      </u>
                                                     </a>
                                                     ]
                                                    </div>
                                                    Grundpreis: 2,70 €/kg
                                                    <br/>
                                                   </span>
                                                   <br/>
                                                   <center>
                                                    <a href="https://www.aquafair.de/product_info.php/products_id/4142?osCsid=d608357305b12187b01c937a8456ed8d">
                                                     <img alt="Aqua Medic spectrus 60, LED Aquarienleuchte" border="0" height="150" src="images/Aqua Medic spectrus Montage-150x150.jpg" title=" Aqua Medic spectrus 60, LED Aquarienleuchte " width="150"/>
                                                    </a>
                                                    <br/>
                                                    <a href="https://www.aquafair.de/product_info.php/products_id/4142?osCsid=d608357305b12187b01c937a8456ed8d">
                                                     Aqua Medic spectrus 60, LED Aquarienleuchte
                                                    </a>
                                                    <br/>
                                                    Ehemaliger Verkäuferpreis
                                                    <s>
                                                     755,00 EUR
                                                    </s>
                                                    <br/>
                                                    jetzt nur
                                                    <span class="productSpecialPrice">
                                                     649,00 EUR
                                                     <br/>
                                                     <div class="tax_info">
                                                      [inkl. 19% MwSt zzgl.
                                                      <a class="tax_info" href="https://www.aquafair.de/shipping.php?osCsid=d608357305b12187b01c937a8456ed8d">
                                                       <u>
                                                        Versandkosten.
                                                       </u>
                                                      </a>
                                                      ]
                                                     </div>
                                                     Versandkostenfrei in DE!
                                                     <br/>
                                                    </span>
                                                    <br/>
                                                    <center>
                                                     <a href="https://www.aquafair.de/product_info.php/products_id/2725?osCsid=d608357305b12187b01c937a8456ed8d">
                                                      <img alt="Bubble Magus Abschäumer C5" border="0" height="150" src="images/Bubble Magus C5-150x150.jpg" title=" Bubble Magus Abschäumer C5 " width="150"/>
                                                     </a>
                                                     <br/>
                                                     <a href="https://www.aquafair.de/product_info.php/products_id/2725?osCsid=d608357305b12187b01c937a8456ed8d">
                                                      Bubble Magus Abschäumer C5
                                                     </a>
                                                     <br/>
                                                     Ehemaliger Verkäuferpreis
                                                     <s>
                                                      155,00 EUR
                                                     </s>
                                                     <br/>
                                                     jetzt nur
                                                     <span class="productSpecialPrice">
                                                      155,00 EUR
                                                      <br/>
                                                      <div class="tax_info">
                                                       [inkl. 19% MwSt zzgl.
                                                       <a class="tax_info" href="https://www.aquafair.de/shipping.php?osCsid=d608357305b12187b01c937a8456ed8d">
                                                        <u>
                                                         Versandkosten.
                                                        </u>
                                                       </a>
                                                       ]
                                                      </div>
                                                      Versandkostenfrei!
                                                      <br/>
                                                     </span>
                                                     <br/>
                                                     <center>
                                                      <a href="https://www.aquafair.de/product_info.php/products_id/545?osCsid=d608357305b12187b01c937a8456ed8d">
                                                       <img alt="Aquarienventilator StarWind IV" border="0" height="150" src="images/Starwind4 Aquarienventilator-150x150.jpg" title=" Aquarienventilator StarWind IV " width="150"/>
                                                      </a>
                                                      <br/>
                                                      <a href="https://www.aquafair.de/product_info.php/products_id/545?osCsid=d608357305b12187b01c937a8456ed8d">
                                                       Aquarienventilator StarWind IV
                                                      </a>
                                                      <br/>
                                                      Ehemaliger Verkäuferpreis
                                                      <s>
                                                       43,95 EUR
                                                      </s>
                                                      <br/>
                                                      jetzt nur
                                                      <span class="productSpecialPrice">
                                                       36,90 EUR
                                                       <br/>
                                                       <div class="tax_info">
                                                        [inkl. 19% MwSt zzgl.
                                                        <a class="tax_info" href="https://www.aquafair.de/shipping.php?osCsid=d608357305b12187b01c937a8456ed8d">
                                                         <u>
                                                          Versandkosten.
                                                         </u>
                                                        </a>
                                                        ]
                                                       </div>
                                                       <br/>
                                                      </span>
                                                      <br/>
                                                      <center>
                                                       <a href="https://www.aquafair.de/product_info.php/products_id/2014?osCsid=d608357305b12187b01c937a8456ed8d">
                                                        <img alt="Tropic Marin Bio-Actif Meersalz, 25 kg, Eimer" border="0" height="150" src="images/MS_bioactif-150x150.jpg" title=" Tropic Marin Bio-Actif Meersalz, 25 kg, Eimer " width="150"/>
                                                       </a>
                                                       <br/>
                                                       <a href="https://www.aquafair.de/product_info.php/products_id/2014?osCsid=d608357305b12187b01c937a8456ed8d">
                                                        Tropic Marin Bio-Actif Meersalz, 25 kg, Eimer
                                                       </a>
                                                       <br/>
                                                       Ehemaliger Verkäuferpreis
                                                       <s>
                                                        94,50 EUR
                                                       </s>
                                                       <br/>
                                                       jetzt nur
                                                       <span class="productSpecialPrice">
                                                        83,90 EUR
                                                        <br/>
                                                        <div class="tax_info">
                                                         [inkl. 19% MwSt zzgl.
                                                         <a class="tax_info" href="https://www.aquafair.de/shipping.php?osCsid=d608357305b12187b01c937a8456ed8d">
                                                          <u>
                                                           Versandkosten.
                                                          </u>
                                                         </a>
                                                         ]
                                                        </div>
                                                        Grundpreis: 3,36 €/kg
                                                        <br/>
                                                       </span>
                                                       <br/>
                                                       <center>
                                                        <a href="https://www.aquafair.de/product_info.php/products_id/3076?osCsid=d608357305b12187b01c937a8456ed8d">
                                                         <img alt="Hang On Kühlventilator W-8" border="0" height="150" src="images/Hang-On W-8 Aquarienventilator-150x150.jpg" title=" Hang On Kühlventilator W-8 " width="150"/>
                                                        </a>
                                                        <br/>
                                                        <a href="https://www.aquafair.de/product_info.php/products_id/3076?osCsid=d608357305b12187b01c937a8456ed8d">
                                                         Hang On Kühlventilator W-8
                                                        </a>
                                                        <br/>
                                                        Ehemaliger Verkäuferpreis
                                                        <s>
                                                         33,90 EUR
                                                        </s>
                                                        <br/>
                                                        jetzt nur
                                                        <span class="productSpecialPrice">
                                                         27,91 EUR
                                                         <br/>
                                                         <div class="tax_info">
                                                          [inkl. 19% MwSt zzgl.
                                                          <a class="tax_info" href="https://www.aquafair.de/shipping.php?osCsid=d608357305b12187b01c937a8456ed8d">
                                                           <u>
                                                            Versandkosten.
                                                           </u>
                                                          </a>
                                                          ]
                                                         </div>
                                                         <br/>
                                                        </span>
                                                        <br/>
                                                        <center>
                                                         <a href="https://www.aquafair.de/product_info.php/products_id/5398?osCsid=d608357305b12187b01c937a8456ed8d">
                                                          <img alt="ATI Hybrid LED-Powermodul 6x80 Watt T5+4x75 Watt LED+Röhren" border="0" height="150" src="images/ATI_LED_PM_Mont2-150x150.jpg" title=" ATI Hybrid LED-Powermodul 6x80 Watt T5+4x75 Watt LED+Röhren " width="150"/>
                                                         </a>
                                                         <br/>
                                                         <a href="https://www.aquafair.de/product_info.php/products_id/5398?osCsid=d608357305b12187b01c937a8456ed8d">
                                                          ATI Hybrid LED-Powermodul 6x80 Watt T5+4x75 Watt LED+Röhren
                                                         </a>
                                                         <br/>
                                                         Ehemaliger Verkäuferpreis
                                                         <s>
                                                          1.799,00 EUR
                                                         </s>
                                                         <br/>
                                                         jetzt nur
                                                         <span class="productSpecialPrice">
                                                          1.629,90 EUR
                                                          <br/>
                                                          <div class="tax_info">
                                                           [inkl. 19% MwSt zzgl.
                                                           <a class="tax_info" href="https://www.aquafair.de/shipping.php?osCsid=d608357305b12187b01c937a8456ed8d">
                                                            <u>
                                                             Versandkosten.
                                                            </u>
                                                           </a>
                                                           ]
                                                          </div>
                                                          Neue Version mit WIFI!
                                                          <br/>
                                                         </span>
                                                         <br/>
                                                         <center>
                                                          <a href="https://www.aquafair.de/product_info.php/products_id/5196?osCsid=d608357305b12187b01c937a8456ed8d">
                                                           <img alt="Philips CoralCare LED VERSION 2018 Set 4 Grau" border="0" height="150" src="images/Philips CoralCare 3 Farben Produktbild-150x150.jpg" title=" Philips CoralCare LED VERSION 2018 Set 4 Grau " width="150"/>
                                                          </a>
                                                          <br/>
                                                          <a href="https://www.aquafair.de/product_info.php/products_id/5196?osCsid=d608357305b12187b01c937a8456ed8d">
                                                           Philips CoralCare LED VERSION 2018 Set 4 Grau
                                                          </a>
                                                          <br/>
                                                          Ehemaliger Verkäuferpreis
                                                          <s>
                                                           2.925,00 EUR
                                                          </s>
                                                          <br/>
                                                          jetzt nur
                                                          <span class="productSpecialPrice">
                                                           2.665,99 EUR
                                                           <br/>
                                                           <div class="tax_info">
                                                            [inkl. 19% MwSt zzgl.
                                                            <a class="tax_info" href="https://www.aquafair.de/shipping.php?osCsid=d608357305b12187b01c937a8456ed8d">
                                                             <u>
                                                              Versandkosten.
                                                             </u>
                                                            </a>
                                                            ]
                                                           </div>
                                                           NEUE VERSION 2018!
                                                           <br/>
                                                          </span>
                                                          <br/>
                                                          <center>
                                                           <a href="https://www.aquafair.de/product_info.php/products_id/3839?osCsid=d608357305b12187b01c937a8456ed8d">
                                                            <img alt="ATI Fiji White Sand L, 2 - 3 mm, 9,07 kg" border="0" height="150" src="images/ATISandPB-150x150.jpg" title=" ATI Fiji White Sand L, 2 - 3 mm, 9,07 kg " width="150"/>
                                                           </a>
                                                           <br/>
                                                           <a href="https://www.aquafair.de/product_info.php/products_id/3839?osCsid=d608357305b12187b01c937a8456ed8d">
                                                            ATI Fiji White Sand L, 2 - 3 mm, 9,07 kg
                                                           </a>
                                                           <br/>
                                                           Ehemaliger Verkäuferpreis
                                                           <s>
                                                            17,90 EUR
                                                           </s>
                                                           <br/>
                                                           jetzt nur
                                                           <span class="productSpecialPrice">
                                                            16,11 EUR
                                                            <br/>
                                                            <div class="tax_info">
                                                             [inkl. 19% MwSt zzgl.
                                                             <a class="tax_info" href="https://www.aquafair.de/shipping.php?osCsid=d608357305b12187b01c937a8456ed8d">
                                                              <u>
                                                               Versandkosten.
                                                              </u>
                                                             </a>
                                                             ]
                                                            </div>
                                                            Grundpreis: 1,78 €/kg
                                                            <br/>
                                                           </span>
                                                           <br/>
                                                           <center>
                                                            <a href="https://www.aquafair.de/product_info.php/products_id/5392?osCsid=d608357305b12187b01c937a8456ed8d">
                                                             <img alt="ATI Hybrid LED-Powermodul 6x24 Watt T5+1x75 Watt LED+Röhren" border="0" height="150" src="images/ATI_LED_PM_Mont2-150x150.jpg" title=" ATI Hybrid LED-Powermodul 6x24 Watt T5+1x75 Watt LED+Röhren " width="150"/>
                                                            </a>
                                                            <br/>
                                                            <a href="https://www.aquafair.de/product_info.php/products_id/5392?osCsid=d608357305b12187b01c937a8456ed8d">
                                                             ATI Hybrid LED-Powermodul 6x24 Watt T5+1x75 Watt LED+Röhren
                                                            </a>
                                                            <br/>
                                                            Ehemaliger Verkäuferpreis
                                                            <s>
                                                             1.029,00 EUR
                                                            </s>
                                                            <br/>
                                                            jetzt nur
                                                            <span class="productSpecialPrice">
                                                             939,90 EUR
                                                             <br/>
                                                             <div class="tax_info">
                                                              [inkl. 19% MwSt zzgl.
                                                              <a class="tax_info" href="https://www.aquafair.de/shipping.php?osCsid=d608357305b12187b01c937a8456ed8d">
                                                               <u>
                                                                Versandkosten.
                                                               </u>
                                                              </a>
                                                              ]
                                                             </div>
                                                             Neue Version mit WIFI!
                                                             <br/>
                                                            </span>
                                                            <br/>
                                                            <center>
                                                             <a href="https://www.aquafair.de/product_info.php/products_id/5604?osCsid=d608357305b12187b01c937a8456ed8d">
                                                              <img alt="Philips CoralCare LED VERSION 2018 Set 4 Schwarz" border="0" height="150" src="images/Philips CoralCare 3 Farben Produktbild-150x150.jpg" title=" Philips CoralCare LED VERSION 2018 Set 4 Schwarz " width="150"/>
                                                             </a>
                                                             <br/>
                                                             <a href="https://www.aquafair.de/product_info.php/products_id/5604?osCsid=d608357305b12187b01c937a8456ed8d">
                                                              Philips CoralCare LED VERSION 2018 Set 4 Schwarz
                                                             </a>
                                                             <br/>
                                                             Ehemaliger Verkäuferpreis
                                                             <s>
                                                              2.925,00 EUR
                                                             </s>
                                                             <br/>
                                                             jetzt nur
                                                             <span class="productSpecialPrice">
                                                              2.665,99 EUR
                                                              <br/>
                                                              <div class="tax_info">
                                                               [inkl. 19% MwSt zzgl.
                                                               <a class="tax_info" href="https://www.aquafair.de/shipping.php?osCsid=d608357305b12187b01c937a8456ed8d">
                                                                <u>
                                                                 Versandkosten.
                                                                </u>
                                                               </a>
                                                               ]
                                                              </div>
                                                              NEUE VERSION 2018!
                                                              <br/>
                                                             </span>
                                                             <br/>
                                                             <center>
                                                              <a href="https://www.aquafair.de/product_info.php/products_id/5395?osCsid=d608357305b12187b01c937a8456ed8d">
                                                               <img alt="ATI Hybrid LED-Powermodul 6x54 Watt T5+3x75 Watt LED" border="0" height="150" src="images/ATI_LED_PM_Mont2-150x150.jpg" title=" ATI Hybrid LED-Powermodul 6x54 Watt T5+3x75 Watt LED " width="150"/>
                                                              </a>
                                                              <br/>
                                                              <a href="https://www.aquafair.de/product_info.php/products_id/5395?osCsid=d608357305b12187b01c937a8456ed8d">
                                                               ATI Hybrid LED-Powermodul 6x54 Watt T5+3x75 Watt LED
                                                              </a>
                                                              <br/>
                                                              Ehemaliger Verkäuferpreis
                                                              <s>
                                                               1.489,00 EUR
                                                              </s>
                                                              <br/>
                                                              jetzt nur
                                                              <span class="productSpecialPrice">
                                                               1.349,90 EUR
                                                               <br/>
                                                               <div class="tax_info">
                                                                [inkl. 19% MwSt zzgl.
                                                                <a class="tax_info" href="https://www.aquafair.de/shipping.php?osCsid=d608357305b12187b01c937a8456ed8d">
                                                                 <u>
                                                                  Versandkosten.
                                                                 </u>
                                                                </a>
                                                                ]
                                                               </div>
                                                               Neue Version mit WIFI!
                                                               <br/>
                                                              </span>
                                                              <br/>
                                                              <center>
                                                               <a href="https://www.aquafair.de/product_info.php/products_id/3453?osCsid=d608357305b12187b01c937a8456ed8d">
                                                                <img alt="ATI Hybrid LED-Powermodul 8x54 Watt T5+3x75 Watt LED" border="0" height="150" src="images/ATI_LED_PM_Mont2-150x150.jpg" title=" ATI Hybrid LED-Powermodul 8x54 Watt T5+3x75 Watt LED " width="150"/>
                                                               </a>
                                                               <br/>
                                                               <a href="https://www.aquafair.de/product_info.php/products_id/3453?osCsid=d608357305b12187b01c937a8456ed8d">
                                                                ATI Hybrid LED-Powermodul 8x54 Watt T5+3x75 Watt LED
                                                               </a>
                                                               <br/>
                                                               Ehemaliger Verkäuferpreis
                                                               <s>
                                                                1.575,00 EUR
                                                               </s>
                                                               <br/>
                                                               jetzt nur
                                                               <span class="productSpecialPrice">
                                                                1.429,90 EUR
                                                                <br/>
                                                                <div class="tax_info">
                                                                 [inkl. 19% MwSt zzgl.
                                                                 <a class="tax_info" href="https://www.aquafair.de/shipping.php?osCsid=d608357305b12187b01c937a8456ed8d">
                                                                  <u>
                                                                   Versandkosten.
                                                                  </u>
                                                                 </a>
                                                                 ]
                                                                </div>
                                                                Neue Version mit WIFI!
                                                                <br/>
                                                               </span>
                                                               <br/>
                                                               <center>
                                                                <a href="https://www.aquafair.de/product_info.php/products_id/5396?osCsid=d608357305b12187b01c937a8456ed8d">
                                                                 <img alt="ATI Hybrid LED-Powermodul 6x54 Watt T5+3x75 Watt LED+Röhren" border="0" height="150" src="images/ATI_LED_PM_Mont2-150x150.jpg" title=" ATI Hybrid LED-Powermodul 6x54 Watt T5+3x75 Watt LED+Röhren " width="150"/>
                                                                </a>
                                                                <br/>
                                                                <a href="https://www.aquafair.de/product_info.php/products_id/5396?osCsid=d608357305b12187b01c937a8456ed8d">
                                                                 ATI Hybrid LED-Powermodul 6x54 Watt T5+3x75 Watt LED+Röhren
                                                                </a>
                                                                <br/>
                                                                Ehemaliger Verkäuferpreis
                                                                <s>
                                                                 1.579,00 EUR
                                                                </s>
                                                                <br/>
                                                                jetzt nur
                                                                <span class="productSpecialPrice">
                                                                 1.444,90 EUR
                                                                 <br/>
                                                                 <div class="tax_info">
                                                                  [inkl. 19% MwSt zzgl.
                                                                  <a class="tax_info" href="https://www.aquafair.de/shipping.php?osCsid=d608357305b12187b01c937a8456ed8d">
                                                                   <u>
                                                                    Versandkosten.
                                                                   </u>
                                                                  </a>
                                                                  ]
                                                                 </div>
                                                                 Neue Version mit WIFI!
                                                                 <br/>
                                                                </span>
                                                                <br/>
                                                                <center>
                                                                 <a href="https://www.aquafair.de/product_info.php/products_id/3454?osCsid=d608357305b12187b01c937a8456ed8d">
                                                                  <img alt="ATI Hybrid LED-Powermodul 8x80 Watt T5+4x75 Watt LED" border="0" height="150" src="images/ATI_LED_PM_Mont2-150x150.jpg" title=" ATI Hybrid LED-Powermodul 8x80 Watt T5+4x75 Watt LED " width="150"/>
                                                                 </a>
                                                                 <br/>
                                                                 <a href="https://www.aquafair.de/product_info.php/products_id/3454?osCsid=d608357305b12187b01c937a8456ed8d">
                                                                  ATI Hybrid LED-Powermodul 8x80 Watt T5+4x75 Watt LED
                                                                 </a>
                                                                 <br/>
                                                                 Ehemaliger Verkäuferpreis
                                                                 <s>
                                                                  1.845,00 EUR
                                                                 </s>
                                                                 <br/>
                                                                 jetzt nur
                                                                 <span class="productSpecialPrice">
                                                                  1.679,90 EUR
                                                                  <br/>
                                                                  <div class="tax_info">
                                                                   [inkl. 19% MwSt zzgl.
                                                                   <a class="tax_info" href="https://www.aquafair.de/shipping.php?osCsid=d608357305b12187b01c937a8456ed8d">
                                                                    <u>
                                                                     Versandkosten.
                                                                    </u>
                                                                   </a>
                                                                   ]
                                                                  </div>
                                                                  Neue Version mit WIFI!
                                                                  <br/>
                                                                 </span>
                                                                 <br/>
                                                                 <center>
                                                                  <a href="https://www.aquafair.de/product_info.php/products_id/3717?osCsid=d608357305b12187b01c937a8456ed8d">
                                                                   <img alt="ATI Hybrid LED-Powermodul 4x39 Watt T5+2x75 Watt LED+Röhren" border="0" height="150" src="images/ATI_LED_PM_Mont2-150x150.jpg" title=" ATI Hybrid LED-Powermodul 4x39 Watt T5+2x75 Watt LED+Röhren " width="150"/>
                                                                  </a>
                                                                  <br/>
                                                                  <a href="https://www.aquafair.de/product_info.php/products_id/3717?osCsid=d608357305b12187b01c937a8456ed8d">
                                                                   ATI Hybrid LED-Powermodul 4x39 Watt T5+2x75 Watt LED+Röhren
                                                                  </a>
                                                                  <br/>
                                                                  Ehemaliger Verkäuferpreis
                                                                  <s>
                                                                   1.199,00 EUR
                                                                  </s>
                                                                  <br/>
                                                                  jetzt nur
                                                                  <span class="productSpecialPrice">
                                                                   1.113,90 EUR
                                                                   <br/>
                                                                   <div class="tax_info">
                                                                    [inkl. 19% MwSt zzgl.
                                                                    <a class="tax_info" href="https://www.aquafair.de/shipping.php?osCsid=d608357305b12187b01c937a8456ed8d">
                                                                     <u>
                                                                      Versandkosten.
                                                                     </u>
                                                                    </a>
                                                                    ]
                                                                   </div>
                                                                   Neue Version mit WIFI!
                                                                   <br/>
                                                                  </span>
                                                                  <br/>
                                                                  <center>
                                                                   <a href="https://www.aquafair.de/product_info.php/products_id/3756?osCsid=d608357305b12187b01c937a8456ed8d">
                                                                    <img alt="ATI Jebao OW-10 Strömungspumpe, 500 - 4.000 l/h" border="0" height="150" src="images/Jebao OW-10 Stroemungspumpe-150x150.jpg" title=" ATI Jebao OW-10 Strömungspumpe, 500 - 4.000 l/h " width="150"/>
                                                                   </a>
                                                                   <br/>
                                                                   <a href="https://www.aquafair.de/product_info.php/products_id/3756?osCsid=d608357305b12187b01c937a8456ed8d">
                                                                    ATI Jebao OW-10 Strömungspumpe, 500 - 4.000 l/h
                                                                   </a>
                                                                   <br/>
                                                                   Ehemaliger Verkäuferpreis
                                                                   <s>
                                                                    65,00 EUR
                                                                   </s>
                                                                   <br/>
                                                                   jetzt nur
                                                                   <span class="productSpecialPrice">
                                                                    59,90 EUR
                                                                    <br/>
                                                                    <div class="tax_info">
                                                                     [inkl. 19% MwSt zzgl.
                                                                     <a class="tax_info" href="https://www.aquafair.de/shipping.php?osCsid=d608357305b12187b01c937a8456ed8d">
                                                                      <u>
                                                                       Versandkosten.
                                                                      </u>
                                                                     </a>
                                                                     ]
                                                                    </div>
                                                                    <br/>
                                                                   </span>
                                                                   <br/>
                                                                   <center>
                                                                    <a href="https://www.aquafair.de/product_info.php/products_id/2757?osCsid=d608357305b12187b01c937a8456ed8d">
                                                                     <img alt="Aqua Light 12V-Mini-Wassernachfüllanlage mit Schwimmschalter" border="0" height="150" src="images/Aqualight WlC-01-150x150.jpg" title=" Aqua Light 12V-Mini-Wassernachfüllanlage mit Schwimmschalter " width="150"/>
                                                                    </a>
                                                                    <br/>
                                                                    <a href="https://www.aquafair.de/product_info.php/products_id/2757?osCsid=d608357305b12187b01c937a8456ed8d">
                                                                     Aqua Light 12V-Mini-Wassernachfüllanlage mit Schwimmschalter
                                                                    </a>
                                                                    <br/>
                                                                    Ehemaliger Verkäuferpreis
                                                                    <s>
                                                                     37,90 EUR
                                                                    </s>
                                                                    <br/>
                                                                    jetzt nur
                                                                    <span class="productSpecialPrice">
                                                                     34,90 EUR
                                                                     <br/>
                                                                     <div class="tax_info">
                                                                      [inkl. 19% MwSt zzgl.
                                                                      <a class="tax_info" href="https://www.aquafair.de/shipping.php?osCsid=d608357305b12187b01c937a8456ed8d">
                                                                       <u>
                                                                        Versandkosten.
                                                                       </u>
                                                                      </a>
                                                                      ]
                                                                     </div>
                                                                     <br/>
                                                                    </span>
                                                                    <br/>
                                                                    <center>
                                                                     <a href="https://www.aquafair.de/product_info.php/products_id/3359?osCsid=d608357305b12187b01c937a8456ed8d">
                                                                      <img alt="Deltec SC 1455 Innenabschäumer" border="0" height="150" src="images/SC1455-150x150.jpg" title=" Deltec SC 1455 Innenabschäumer " width="150"/>
                                                                     </a>
                                                                     <br/>
                                                                     <a href="https://www.aquafair.de/product_info.php/products_id/3359?osCsid=d608357305b12187b01c937a8456ed8d">
                                                                      Deltec SC 1455 Innenabschäumer
                                                                     </a>
                                                                     <br/>
                                                                     Ehemaliger Verkäuferpreis
                                                                     <s>
                                                                      299,00 EUR
                                                                     </s>
                                                                     <br/>
                                                                     jetzt nur
                                                                     <span class="productSpecialPrice">
                                                                      274,50 EUR
                                                                      <br/>
                                                                      <div class="tax_info">
                                                                       [inkl. 19% MwSt zzgl.
                                                                       <a class="tax_info" href="https://www.aquafair.de/shipping.php?osCsid=d608357305b12187b01c937a8456ed8d">
                                                                        <u>
                                                                         Versandkosten.
                                                                        </u>
                                                                       </a>
                                                                       ]
                                                                      </div>
                                                                      Versandkostenfrei in DE
                                                                      <br/>
                                                                     </span>
                                                                     <br/>
                                                                     <center>
                                                                      <a href="https://www.aquafair.de/product_info.php/products_id/3716?osCsid=d608357305b12187b01c937a8456ed8d">
                                                                       <img alt="ATI Hybrid LED-Powermodul 4x24 Watt T5+1x75 Watt LED+Röhren" border="0" height="150" src="images/ATI_LED_PM_Mont2-150x150.jpg" title=" ATI Hybrid LED-Powermodul 4x24 Watt T5+1x75 Watt LED+Röhren " width="150"/>
                                                                      </a>
                                                                      <br/>
                                                                      <a href="https://www.aquafair.de/product_info.php/products_id/3716?osCsid=d608357305b12187b01c937a8456ed8d">
                                                                       ATI Hybrid LED-Powermodul 4x24 Watt T5+1x75 Watt LED+Röhren
                                                                      </a>
                                                                      <br/>
                                                                      Ehemaliger Verkäuferpreis
                                                                      <s>
                                                                       899,00 EUR
                                                                      </s>
                                                                      <br/>
                                                                      jetzt nur
                                                                      <span class="productSpecialPrice">
                                                                       853,90 EUR
                                                                       <br/>
                                                                       <div class="tax_info">
                                                                        [inkl. 19% MwSt zzgl.
                                                                        <a class="tax_info" href="https://www.aquafair.de/shipping.php?osCsid=d608357305b12187b01c937a8456ed8d">
                                                                         <u>
                                                                          Versandkosten.
                                                                         </u>
                                                                        </a>
                                                                        ]
                                                                       </div>
                                                                       Neue Version mit WIFI!
                                                                       <br/>
                                                                      </span>
                                                                      <br/>
                                                                      <center>
                                                                       <a href="https://www.aquafair.de/product_info.php/products_id/5194?osCsid=d608357305b12187b01c937a8456ed8d">
                                                                        <img alt="Philips CoralCare LED VERSION 2018 Set 1 Grau" border="0" height="150" src="images/Philips CoralCare 3 Farben Produktbild-150x150.jpg" title=" Philips CoralCare LED VERSION 2018 Set 1 Grau " width="150"/>
                                                                       </a>
                                                                       <br/>
                                                                       <a href="https://www.aquafair.de/product_info.php/products_id/5194?osCsid=d608357305b12187b01c937a8456ed8d">
                                                                        Philips CoralCare LED VERSION 2018 Set 1 Grau
                                                                       </a>
                                                                       <br/>
                                                                       Ehemaliger Verkäuferpreis
                                                                       <s>
                                                                        799,00 EUR
                                                                       </s>
                                                                       <br/>
                                                                       jetzt nur
                                                                       <span class="productSpecialPrice">
                                                                        738,99 EUR
                                                                        <br/>
                                                                        <div class="tax_info">
                                                                         [inkl. 19% MwSt zzgl.
                                                                         <a class="tax_info" href="https://www.aquafair.de/shipping.php?osCsid=d608357305b12187b01c937a8456ed8d">
                                                                          <u>
                                                                           Versandkosten.
                                                                          </u>
                                                                         </a>
                                                                         ]
                                                                        </div>
                                                                        NEUE VERSION 2018!
                                                                        <br/>
                                                                       </span>
                                                                       <br/>
                                                                       <center>
                                                                        <a href="https://www.aquafair.de/product_info.php/products_id/3722?osCsid=d608357305b12187b01c937a8456ed8d">
                                                                         <img alt="ATI Hybrid LED-Powermodul 8x54 Watt T5+3x75 Watt LED+Röhren" border="0" height="150" src="images/ATI_LED_PM_Mont2-150x150.jpg" title=" ATI Hybrid LED-Powermodul 8x54 Watt T5+3x75 Watt LED+Röhren " width="150"/>
                                                                        </a>
                                                                        <br/>
                                                                        <a href="https://www.aquafair.de/product_info.php/products_id/3722?osCsid=d608357305b12187b01c937a8456ed8d">
                                                                         ATI Hybrid LED-Powermodul 8x54 Watt T5+3x75 Watt LED+Röhren
                                                                        </a>
                                                                        <br/>
                                                                        Ehemaliger Verkäuferpreis
                                                                        <s>
                                                                         1.709,00 EUR
                                                                        </s>
                                                                        <br/>
                                                                        jetzt nur
                                                                        <span class="productSpecialPrice">
                                                                         1.557,90 EUR
                                                                         <br/>
                                                                         <div class="tax_info">
                                                                          [inkl. 19% MwSt zzgl.
                                                                          <a class="tax_info" href="https://www.aquafair.de/shipping.php?osCsid=d608357305b12187b01c937a8456ed8d">
                                                                           <u>
                                                                            Versandkosten.
                                                                           </u>
                                                                          </a>
                                                                          ]
                                                                         </div>
                                                                         Neue Version mit WIFI!
                                                                         <br/>
                                                                        </span>
                                                                        <br/>
                                                                        <center>
                                                                         <a href="https://www.aquafair.de/product_info.php/products_id/4527?osCsid=d608357305b12187b01c937a8456ed8d">
                                                                          <img alt="ATI ICP-OES Wasseranalyse Set, 3 Testkit inkl. Messung UO-Wasser" border="0" height="150" src="images/ATI ICP-OES Wasseranalyse-150x150.jpg" title=" ATI ICP-OES Wasseranalyse Set, 3 Testkit inkl. Messung UO-Wasser " width="150"/>
                                                                         </a>
                                                                         <br/>
                                                                         <a href="https://www.aquafair.de/product_info.php/products_id/4527?osCsid=d608357305b12187b01c937a8456ed8d">
                                                                          ATI ICP-OES Wasseranalyse Set, 3 Testkit inkl. Messung UO-Wasser
                                                                         </a>
                                                                         <br/>
                                                                         Ehemaliger Verkäuferpreis
                                                                         <s>
                                                                          94,90 EUR
                                                                         </s>
                                                                         <br/>
                                                                         jetzt nur
                                                                         <span class="productSpecialPrice">
                                                                          89,20 EUR
                                                                          <br/>
                                                                          <div class="tax_info">
                                                                           [inkl. 19% MwSt zzgl.
                                                                           <a class="tax_info" href="https://www.aquafair.de/shipping.php?osCsid=d608357305b12187b01c937a8456ed8d">
                                                                            <u>
                                                                             Versandkosten.
                                                                            </u>
                                                                           </a>
                                                                           ]
                                                                          </div>
                                                                          Grundpreis: 31,63€/Stück
                                                                          <br/>
                                                                         </span>
                                                                         <br/>
                                                                         <center>
                                                                          <a href="https://www.aquafair.de/product_info.php/products_id/3721?osCsid=d608357305b12187b01c937a8456ed8d">
                                                                           <img alt="ATI Hybrid LED-Powermodul 8x39 Watt T5+2x75 Watt LED+Röhren" border="0" height="150" src="images/ATI_LED_PM_Mont2-150x150.jpg" title=" ATI Hybrid LED-Powermodul 8x39 Watt T5+2x75 Watt LED+Röhren " width="150"/>
                                                                          </a>
                                                                          <br/>
                                                                          <a href="https://www.aquafair.de/product_info.php/products_id/3721?osCsid=d608357305b12187b01c937a8456ed8d">
                                                                           ATI Hybrid LED-Powermodul 8x39 Watt T5+2x75 Watt LED+Röhren
                                                                          </a>
                                                                          <br/>
                                                                          Ehemaliger Verkäuferpreis
                                                                          <s>
                                                                           1.439,00 EUR
                                                                          </s>
                                                                          <br/>
                                                                          jetzt nur
                                                                          <span class="productSpecialPrice">
                                                                           1.294,90 EUR
                                                                           <br/>
                                                                           <div class="tax_info">
                                                                            [inkl. 19% MwSt zzgl.
                                                                            <a class="tax_info" href="https://www.aquafair.de/shipping.php?osCsid=d608357305b12187b01c937a8456ed8d">
                                                                             <u>
                                                                              Versandkosten.
                                                                             </u>
                                                                            </a>
                                                                            ]
                                                                           </div>
                                                                           Neue Version mit WIFI!
                                                                           <br/>
                                                                          </span>
                                                                          <br/>
                                                                          <center>
                                                                           <a href="https://www.aquafair.de/product_info.php/products_id/3451?osCsid=d608357305b12187b01c937a8456ed8d">
                                                                            <img alt="ATI Hybrid LED-Powermodul 8x24 Watt T5+1x75 Watt LED" border="0" height="150" src="images/ATI_LED_PM_Mont2-150x150.jpg" title=" ATI Hybrid LED-Powermodul 8x24 Watt T5+1x75 Watt LED " width="150"/>
                                                                           </a>
                                                                           <br/>
                                                                           <a href="https://www.aquafair.de/product_info.php/products_id/3451?osCsid=d608357305b12187b01c937a8456ed8d">
                                                                            ATI Hybrid LED-Powermodul 8x24 Watt T5+1x75 Watt LED
                                                                           </a>
                                                                           <br/>
                                                                           Ehemaliger Verkäuferpreis
                                                                           <s>
                                                                            1.125,00 EUR
                                                                           </s>
                                                                           <br/>
                                                                           jetzt nur
                                                                           <span class="productSpecialPrice">
                                                                            929,90 EUR
                                                                            <br/>
                                                                            <div class="tax_info">
                                                                             [inkl. 19% MwSt zzgl.
                                                                             <a class="tax_info" href="https://www.aquafair.de/shipping.php?osCsid=d608357305b12187b01c937a8456ed8d">
                                                                              <u>
                                                                               Versandkosten.
                                                                              </u>
                                                                             </a>
                                                                             ]
                                                                            </div>
                                                                            Neue Version mit WIFI!
                                                                            <br/>
                                                                           </span>
                                                                           <br/>
                                                                           <center>
                                                                            <a href="https://www.aquafair.de/product_info.php/products_id/3448?osCsid=d608357305b12187b01c937a8456ed8d">
                                                                             <img alt="ATI Hybrid LED-Powermodul 4x39 Watt T5+2x75 Watt LED" border="0" height="150" src="images/ATI_LED_PM_Mont2-150x150.jpg" title=" ATI Hybrid LED-Powermodul 4x39 Watt T5+2x75 Watt LED " width="150"/>
                                                                            </a>
                                                                            <br/>
                                                                            <a href="https://www.aquafair.de/product_info.php/products_id/3448?osCsid=d608357305b12187b01c937a8456ed8d">
                                                                             ATI Hybrid LED-Powermodul 4x39 Watt T5+2x75 Watt LED
                                                                            </a>
                                                                            <br/>
                                                                            Ehemaliger Verkäuferpreis
                                                                            <s>
                                                                             1.129,00 EUR
                                                                            </s>
                                                                            <br/>
                                                                            jetzt nur
                                                                            <span class="productSpecialPrice">
                                                                             1.049,90 EUR
                                                                             <br/>
                                                                             <div class="tax_info">
                                                                              [inkl. 19% MwSt zzgl.
                                                                              <a class="tax_info" href="https://www.aquafair.de/shipping.php?osCsid=d608357305b12187b01c937a8456ed8d">
                                                                               <u>
                                                                                Versandkosten.
                                                                               </u>
                                                                              </a>
                                                                              ]
                                                                             </div>
                                                                             Neue Version mit WIFI!
                                                                             <br/>
                                                                            </span>
                                                                            <br/>
                                                                            <center>
                                                                             <a href="https://www.aquafair.de/product_info.php/products_id/5600?osCsid=d608357305b12187b01c937a8456ed8d">
                                                                              <img alt="Philips CoralCare LED VERSION 2018 Set 1 Schwarz" border="0" height="150" src="images/Philips CoralCare 3 Farben Produktbild-150x150.jpg" title=" Philips CoralCare LED VERSION 2018 Set 1 Schwarz " width="150"/>
                                                                             </a>
                                                                             <br/>
                                                                             <a href="https://www.aquafair.de/product_info.php/products_id/5600?osCsid=d608357305b12187b01c937a8456ed8d">
                                                                              Philips CoralCare LED VERSION 2018 Set 1 Schwarz
                                                                             </a>
                                                                             <br/>
                                                                             Ehemaliger Verkäuferpreis
                                                                             <s>
                                                                              799,00 EUR
                                                                             </s>
                                                                             <br/>
                                                                             jetzt nur
                                                                             <span class="productSpecialPrice">
                                                                              738,99 EUR
                                                                              <br/>
                                                                              <div class="tax_info">
                                                                               [inkl. 19% MwSt zzgl.
                                                                               <a class="tax_info" href="https://www.aquafair.de/shipping.php?osCsid=d608357305b12187b01c937a8456ed8d">
                                                                                <u>
                                                                                 Versandkosten.
                                                                                </u>
                                                                               </a>
                                                                               ]
                                                                              </div>
                                                                              NEUE VERSION 2018!
                                                                              <br/>
                                                                             </span>
                                                                             <br/>
                                                                             <center>
                                                                              <a href="https://www.aquafair.de/product_info.php/products_id/2468?osCsid=d608357305b12187b01c937a8456ed8d">
                                                                               <img alt="Bubble Magus Abschäumer BM150Pro" border="0" height="150" src="images/BM150Pro-150x150.jpg" title=" Bubble Magus Abschäumer BM150Pro " width="150"/>
                                                                              </a>
                                                                              <br/>
                                                                              <a href="https://www.aquafair.de/product_info.php/products_id/2468?osCsid=d608357305b12187b01c937a8456ed8d">
                                                                               Bubble Magus Abschäumer BM150Pro
                                                                              </a>
                                                                              <br/>
                                                                              Ehemaliger Verkäuferpreis
                                                                              <s>
                                                                               219,00 EUR
                                                                              </s>
                                                                              <br/>
                                                                              jetzt nur
                                                                              <span class="productSpecialPrice">
                                                                               207,99 EUR
                                                                               <br/>
                                                                               <div class="tax_info">
                                                                                [inkl. 19% MwSt zzgl.
                                                                                <a class="tax_info" href="https://www.aquafair.de/shipping.php?osCsid=d608357305b12187b01c937a8456ed8d">
                                                                                 <u>
                                                                                  Versandkosten.
                                                                                 </u>
                                                                                </a>
                                                                                ]
                                                                               </div>
                                                                               Versandkostenfrei!
                                                                               <br/>
                                                                              </span>
                                                                              <br/>
                                                                              <center>
                                                                               <a href="https://www.aquafair.de/product_info.php/products_id/544?osCsid=d608357305b12187b01c937a8456ed8d">
                                                                                <img alt="Aquarienventilator StarWind II" border="0" height="150" src="images/Starwind2 Aquarienventilator-150x150.jpg" title=" Aquarienventilator StarWind II " width="150"/>
                                                                               </a>
                                                                               <br/>
                                                                               <a href="https://www.aquafair.de/product_info.php/products_id/544?osCsid=d608357305b12187b01c937a8456ed8d">
                                                                                Aquarienventilator StarWind II
                                                                               </a>
                                                                               <br/>
                                                                               Ehemaliger Verkäuferpreis
                                                                               <s>
                                                                                29,95 EUR
                                                                               </s>
                                                                               <br/>
                                                                               jetzt nur
                                                                               <span class="productSpecialPrice">
                                                                                24,89 EUR
                                                                                <br/>
                                                                                <div class="tax_info">
                                                                                 [inkl. 19% MwSt zzgl.
                                                                                 <a class="tax_info" href="https://www.aquafair.de/shipping.php?osCsid=d608357305b12187b01c937a8456ed8d">
                                                                                  <u>
                                                                                   Versandkosten.
                                                                                  </u>
                                                                                 </a>
                                                                                 ]
                                                                                </div>
                                                                                <br/>
                                                                               </span>
                                                                               <br/>
                                                                               <center>
                                                                                <a href="https://www.aquafair.de/product_info.php/products_id/2267?osCsid=d608357305b12187b01c937a8456ed8d">
                                                                                 <img alt="Fauna Marin Balling Salze Magnesium-Mix, 4 kg" border="0" height="150" src="images/Fauna Marin Magnesium Mix 4 kg-150x150.jpg" title=" Fauna Marin Balling Salze Magnesium-Mix, 4 kg " width="150"/>
                                                                                </a>
                                                                                <br/>
                                                                                <a href="https://www.aquafair.de/product_info.php/products_id/2267?osCsid=d608357305b12187b01c937a8456ed8d">
                                                                                 Fauna Marin Balling Salze Magnesium-Mix, 4 kg
                                                                                </a>
                                                                                <br/>
                                                                                Ehemaliger Verkäuferpreis
                                                                                <s>
                                                                                 38,95 EUR
                                                                                </s>
                                                                                <br/>
                                                                                jetzt nur
                                                                                <span class="productSpecialPrice">
                                                                                 35,06 EUR
                                                                                 <br/>
                                                                                 <div class="tax_info">
                                                                                  [inkl. 19% MwSt zzgl.
                                                                                  <a class="tax_info" href="https://www.aquafair.de/shipping.php?osCsid=d608357305b12187b01c937a8456ed8d">
                                                                                   <u>
                                                                                    Versandkosten.
                                                                                   </u>
                                                                                  </a>
                                                                                  ]
                                                                                 </div>
                                                                                 Grundpreis: 9,74 €/kg
                                                                                 <br/>
                                                                                </span>
                                                                                <br/>
                                                                                <center>
                                                                                 <a href="https://www.aquafair.de/product_info.php/products_id/5596?osCsid=d608357305b12187b01c937a8456ed8d">
                                                                                  <img alt="Philips CoralCare LED VERSION 2018 Set 2 Weiß" border="0" height="150" src="images/Philips CoralCare 3 Farben Produktbild-150x150.jpg" title=" Philips CoralCare LED VERSION 2018 Set 2 Weiß " width="150"/>
                                                                                 </a>
                                                                                 <br/>
                                                                                 <a href="https://www.aquafair.de/product_info.php/products_id/5596?osCsid=d608357305b12187b01c937a8456ed8d">
                                                                                  Philips CoralCare LED VERSION 2018 Set 2 Weiß
                                                                                 </a>
                                                                                 <br/>
                                                                                 Ehemaliger Verkäuferpreis
                                                                                 <s>
                                                                                  1.500,00 EUR
                                                                                 </s>
                                                                                 <br/>
                                                                                 jetzt nur
                                                                                 <span class="productSpecialPrice">
                                                                                  1.384,99 EUR
                                                                                  <br/>
                                                                                  <div class="tax_info">
                                                                                   [inkl. 19% MwSt zzgl.
                                                                                   <a class="tax_info" href="https://www.aquafair.de/shipping.php?osCsid=d608357305b12187b01c937a8456ed8d">
                                                                                    <u>
                                                                                     Versandkosten.
                                                                                    </u>
                                                                                   </a>
                                                                                   ]
                                                                                  </div>
                                                                                  NEUE VERSION 2018!
                                                                                  <br/>
                                                                                 </span>
                                                                                 <br/>
                                                                                 <center>
                                                                                  <a href="https://www.aquafair.de/product_info.php/products_id/2533?osCsid=d608357305b12187b01c937a8456ed8d">
                                                                                   <img alt="Bubble Magus Abschäumer BM220CS Cone" border="0" height="150" src="images/BM220CS-Cone-150x150.jpg" title=" Bubble Magus Abschäumer BM220CS Cone " width="150"/>
                                                                                  </a>
                                                                                  <br/>
                                                                                  <a href="https://www.aquafair.de/product_info.php/products_id/2533?osCsid=d608357305b12187b01c937a8456ed8d">
                                                                                   Bubble Magus Abschäumer BM220CS Cone
                                                                                  </a>
                                                                                  <br/>
                                                                                  Ehemaliger Verkäuferpreis
                                                                                  <s>
                                                                                   541,00 EUR
                                                                                  </s>
                                                                                  <br/>
                                                                                  jetzt nur
                                                                                  <span class="productSpecialPrice">
                                                                                   518,84 EUR
                                                                                   <br/>
                                                                                   <div class="tax_info">
                                                                                    [inkl. 19% MwSt zzgl.
                                                                                    <a class="tax_info" href="https://www.aquafair.de/shipping.php?osCsid=d608357305b12187b01c937a8456ed8d">
                                                                                     <u>
                                                                                      Versandkosten.
                                                                                     </u>
                                                                                    </a>
                                                                                    ]
                                                                                   </div>
                                                                                   Versandkostenfrei!
                                                                                   <br/>
                                                                                  </span>
                                                                                  <br/>
                                                                                  <center>
                                                                                   <a href="https://www.aquafair.de/product_info.php/products_id/5598?osCsid=d608357305b12187b01c937a8456ed8d">
                                                                                    <img alt="Philips CoralCare LED VERSION 2018 Set 4 Weiß" border="0" height="150" src="images/Philips CoralCare 3 Farben Produktbild-150x150.jpg" title=" Philips CoralCare LED VERSION 2018 Set 4 Weiß " width="150"/>
                                                                                   </a>
                                                                                   <br/>
                                                                                   <a href="https://www.aquafair.de/product_info.php/products_id/5598?osCsid=d608357305b12187b01c937a8456ed8d">
                                                                                    Philips CoralCare LED VERSION 2018 Set 4 Weiß
                                                                                   </a>
                                                                                   <br/>
                                                                                   Ehemaliger Verkäuferpreis
                                                                                   <s>
                                                                                    2.925,00 EUR
                                                                                   </s>
                                                                                   <br/>
                                                                                   jetzt nur
                                                                                   <span class="productSpecialPrice">
                                                                                    2.665,99 EUR
                                                                                    <br/>
                                                                                    <div class="tax_info">
                                                                                     [inkl. 19% MwSt zzgl.
                                                                                     <a class="tax_info" href="https://www.aquafair.de/shipping.php?osCsid=d608357305b12187b01c937a8456ed8d">
                                                                                      <u>
                                                                                       Versandkosten.
                                                                                      </u>
                                                                                     </a>
                                                                                     ]
                                                                                    </div>
                                                                                    NEUE VERSION 2018!
                                                                                    <br/>
                                                                                   </span>
                                                                                   <br/>
                                                                                   <center>
                                                                                    <a href="https://www.aquafair.de/product_info.php/products_id/5602?osCsid=d608357305b12187b01c937a8456ed8d">
                                                                                     <img alt="Philips CoralCare LED VERSION 2018 Set 2 Schwarz" border="0" height="150" src="images/Philips CoralCare 3 Farben Produktbild-150x150.jpg" title=" Philips CoralCare LED VERSION 2018 Set 2 Schwarz " width="150"/>
                                                                                    </a>
                                                                                    <br/>
                                                                                    <a href="https://www.aquafair.de/product_info.php/products_id/5602?osCsid=d608357305b12187b01c937a8456ed8d">
                                                                                     Philips CoralCare LED VERSION 2018 Set 2 Schwarz
                                                                                    </a>
                                                                                    <br/>
                                                                                    Ehemaliger Verkäuferpreis
                                                                                    <s>
                                                                                     1.500,00 EUR
                                                                                    </s>
                                                                                    <br/>
                                                                                    jetzt nur
                                                                                    <span class="productSpecialPrice">
                                                                                     1.384,99 EUR
                                                                                     <br/>
                                                                                     <div class="tax_info">
                                                                                      [inkl. 19% MwSt zzgl.
                                                                                      <a class="tax_info" href="https://www.aquafair.de/shipping.php?osCsid=d608357305b12187b01c937a8456ed8d">
                                                                                       <u>
                                                                                        Versandkosten.
                                                                                       </u>
                                                                                      </a>
                                                                                      ]
                                                                                     </div>
                                                                                     NEUE VERSION 2018!
                                                                                     <br/>
                                                                                    </span>
                                                                                    <br/>
                                                                                    <center>
                                                                                     <a href="https://www.aquafair.de/product_info.php/products_id/3360?osCsid=d608357305b12187b01c937a8456ed8d">
                                                                                      <img alt="Deltec SC 2060 Innenabschäumer" border="0" height="150" src="images/sc260-150x150.jpg" title=" Deltec SC 2060 Innenabschäumer " width="150"/>
                                                                                     </a>
                                                                                     <br/>
                                                                                     <a href="https://www.aquafair.de/product_info.php/products_id/3360?osCsid=d608357305b12187b01c937a8456ed8d">
                                                                                      Deltec SC 2060 Innenabschäumer
                                                                                     </a>
                                                                                     <br/>
                                                                                     Ehemaliger Verkäuferpreis
                                                                                     <s>
                                                                                      799,00 EUR
                                                                                     </s>
                                                                                     <br/>
                                                                                     jetzt nur
                                                                                     <span class="productSpecialPrice">
                                                                                      749,00 EUR
                                                                                      <br/>
                                                                                      <div class="tax_info">
                                                                                       [inkl. 19% MwSt zzgl.
                                                                                       <a class="tax_info" href="https://www.aquafair.de/shipping.php?osCsid=d608357305b12187b01c937a8456ed8d">
                                                                                        <u>
                                                                                         Versandkosten.
                                                                                        </u>
                                                                                       </a>
                                                                                       ]
                                                                                      </div>
                                                                                      Versandkostenfrei in DE
                                                                                      <br/>
                                                                                     </span>
                                                                                     <br/>
                                                                                     <center>
                                                                                      <a href="https://www.aquafair.de/product_info.php/products_id/3449?osCsid=d608357305b12187b01c937a8456ed8d">
                                                                                       <img alt="ATI Hybrid LED-Powermodul 4x54 Watt T5+3x75 Watt LED" border="0" height="150" src="images/ATI_LED_PM_Mont2-150x150.jpg" title=" ATI Hybrid LED-Powermodul 4x54 Watt T5+3x75 Watt LED " width="150"/>
                                                                                      </a>
                                                                                      <br/>
                                                                                      <a href="https://www.aquafair.de/product_info.php/products_id/3449?osCsid=d608357305b12187b01c937a8456ed8d">
                                                                                       ATI Hybrid LED-Powermodul 4x54 Watt T5+3x75 Watt LED
                                                                                      </a>
                                                                                      <br/>
                                                                                      Ehemaliger Verkäuferpreis
                                                                                      <s>
                                                                                       1.349,00 EUR
                                                                                      </s>
                                                                                      <br/>
                                                                                      jetzt nur
                                                                                      <span class="productSpecialPrice">
                                                                                       1.279,90 EUR
                                                                                       <br/>
                                                                                       <div class="tax_info">
                                                                                        [inkl. 19% MwSt zzgl.
                                                                                        <a class="tax_info" href="https://www.aquafair.de/shipping.php?osCsid=d608357305b12187b01c937a8456ed8d">
                                                                                         <u>
                                                                                          Versandkosten.
                                                                                         </u>
                                                                                        </a>
                                                                                        ]
                                                                                       </div>
                                                                                       Neue Version mit WIFI!
                                                                                       <br/>
                                                                                      </span>
                                                                                      <br/>
                                                                                      <center>
                                                                                       <a href="https://www.aquafair.de/product_info.php/products_id/2530?osCsid=d608357305b12187b01c937a8456ed8d">
                                                                                        <img alt="Bubble Magus Abschäumer BM155Pro" border="0" height="150" src="images/BM155Pro-150x150.jpg" title=" Bubble Magus Abschäumer BM155Pro " width="150"/>
                                                                                       </a>
                                                                                       <br/>
                                                                                       <a href="https://www.aquafair.de/product_info.php/products_id/2530?osCsid=d608357305b12187b01c937a8456ed8d">
                                                                                        Bubble Magus Abschäumer BM155Pro
                                                                                       </a>
                                                                                       <br/>
                                                                                       Ehemaliger Verkäuferpreis
                                                                                       <s>
                                                                                        219,00 EUR
                                                                                       </s>
                                                                                       <br/>
                                                                                       jetzt nur
                                                                                       <span class="productSpecialPrice">
                                                                                        207,99 EUR
                                                                                        <br/>
                                                                                        <div class="tax_info">
                                                                                         [inkl. 19% MwSt zzgl.
                                                                                         <a class="tax_info" href="https://www.aquafair.de/shipping.php?osCsid=d608357305b12187b01c937a8456ed8d">
                                                                                          <u>
                                                                                           Versandkosten.
                                                                                          </u>
                                                                                         </a>
                                                                                         ]
                                                                                        </div>
                                                                                        Versandkostenfrei!
                                                                                        <br/>
                                                                                       </span>
                                                                                       <br/>
                                                                                       <center>
                                                                                        <a href="https://www.aquafair.de/product_info.php/products_id/5535?osCsid=d608357305b12187b01c937a8456ed8d">
                                                                                         <img alt="Aqua Medic angel LED 200, schwarz" border="0" height="150" src="images/Aqua Medic angel LED 200 Schwarz-150x150.jpg" title=" Aqua Medic angel LED 200, schwarz " width="150"/>
                                                                                        </a>
                                                                                        <br/>
                                                                                        <a href="https://www.aquafair.de/product_info.php/products_id/5535?osCsid=d608357305b12187b01c937a8456ed8d">
                                                                                         Aqua Medic angel LED 200, schwarz
                                                                                        </a>
                                                                                        <br/>
                                                                                        Ehemaliger Verkäuferpreis
                                                                                        <s>
                                                                                         949,00 EUR
                                                                                        </s>
                                                                                        <br/>
                                                                                        jetzt nur
                                                                                        <span class="productSpecialPrice">
                                                                                         889,00 EUR
                                                                                         <br/>
                                                                                         <div class="tax_info">
                                                                                          [inkl. 19% MwSt zzgl.
                                                                                          <a class="tax_info" href="https://www.aquafair.de/shipping.php?osCsid=d608357305b12187b01c937a8456ed8d">
                                                                                           <u>
                                                                                            Versandkosten.
                                                                                           </u>
                                                                                          </a>
                                                                                          ]
                                                                                         </div>
                                                                                         Versandkostenfrei in DE!
                                                                                         <br/>
                                                                                        </span>
                                                                                        <br/>
                                                                                        <center>
                                                                                         <a href="https://www.aquafair.de/product_info.php/products_id/3735?osCsid=d608357305b12187b01c937a8456ed8d">
                                                                                          <img alt="Aquarienventilator StarWind II flexi" border="0" height="150" src="images/SW2flexi-150x150.jpg" title=" Aquarienventilator StarWind II flexi " width="150"/>
                                                                                         </a>
                                                                                         <br/>
                                                                                         <a href="https://www.aquafair.de/product_info.php/products_id/3735?osCsid=d608357305b12187b01c937a8456ed8d">
                                                                                          Aquarienventilator StarWind II flexi
                                                                                         </a>
                                                                                         <br/>
                                                                                         Ehemaliger Verkäuferpreis
                                                                                         <s>
                                                                                          34,00 EUR
                                                                                         </s>
                                                                                         <br/>
                                                                                         jetzt nur
                                                                                         <span class="productSpecialPrice">
                                                                                          29,90 EUR
                                                                                          <br/>
                                                                                          <div class="tax_info">
                                                                                           [inkl. 19% MwSt zzgl.
                                                                                           <a class="tax_info" href="https://www.aquafair.de/shipping.php?osCsid=d608357305b12187b01c937a8456ed8d">
                                                                                            <u>
                                                                                             Versandkosten.
                                                                                            </u>
                                                                                           </a>
                                                                                           ]
                                                                                          </div>
                                                                                          <br/>
                                                                                         </span>
                                                                                         <br/>
                                                                                         <center>
                                                                                          <a href="https://www.aquafair.de/product_info.php/products_id/3858?osCsid=d608357305b12187b01c937a8456ed8d">
                                                                                           <img alt="Theiling Rollermat Vliesfilter" border="0" height="150" src="images/Theiling Rollermat Vliesfilter-150x150.jpg" title=" Theiling Rollermat Vliesfilter " width="150"/>
                                                                                          </a>
                                                                                          <br/>
                                                                                          <a href="https://www.aquafair.de/product_info.php/products_id/3858?osCsid=d608357305b12187b01c937a8456ed8d">
                                                                                           Theiling Rollermat Vliesfilter
                                                                                          </a>
                                                                                          <br/>
                                                                                          Ehemaliger Verkäuferpreis
                                                                                          <s>
                                                                                           389,00 EUR
                                                                                          </s>
                                                                                          <br/>
                                                                                          jetzt nur
                                                                                          <span class="productSpecialPrice">
                                                                                           349,00 EUR
                                                                                           <br/>
                                                                                           <div class="tax_info">
                                                                                            [inkl. 19% MwSt zzgl.
                                                                                            <a class="tax_info" href="https://www.aquafair.de/shipping.php?osCsid=d608357305b12187b01c937a8456ed8d">
                                                                                             <u>
                                                                                              Versandkosten.
                                                                                             </u>
                                                                                            </a>
                                                                                            ]
                                                                                           </div>
                                                                                           Versandkostenfrei in DE!
                                                                                           <br/>
                                                                                          </span>
                                                                                          <br/>
                                                                                          <center>
                                                                                           <a href="https://www.aquafair.de/product_info.php/products_id/2531?osCsid=d608357305b12187b01c937a8456ed8d">
                                                                                            <img alt="Bubble Magus Abschäumer BM180CS Cone" border="0" height="150" src="images/BM180CS-Cone-150x150.jpg" title=" Bubble Magus Abschäumer BM180CS Cone " width="150"/>
                                                                                           </a>
                                                                                           <br/>
                                                                                           <a href="https://www.aquafair.de/product_info.php/products_id/2531?osCsid=d608357305b12187b01c937a8456ed8d">
                                                                                            Bubble Magus Abschäumer BM180CS Cone
                                                                                           </a>
                                                                                           <br/>
                                                                                           Ehemaliger Verkäuferpreis
                                                                                           <s>
                                                                                            299,00 EUR
                                                                                           </s>
                                                                                           <br/>
                                                                                           jetzt nur
                                                                                           <span class="productSpecialPrice">
                                                                                            284,99 EUR
                                                                                            <br/>
                                                                                            <div class="tax_info">
                                                                                             [inkl. 19% MwSt zzgl.
                                                                                             <a class="tax_info" href="https://www.aquafair.de/shipping.php?osCsid=d608357305b12187b01c937a8456ed8d">
                                                                                              <u>
                                                                                               Versandkosten.
                                                                                              </u>
                                                                                             </a>
                                                                                             ]
                                                                                            </div>
                                                                                            Versandkostenfrei!
                                                                                            <br/>
                                                                                           </span>
                                                                                           <br/>
                                                                                           <center>
                                                                                            <a href="https://www.aquafair.de/product_info.php/products_id/587?osCsid=d608357305b12187b01c937a8456ed8d">
                                                                                             <img alt="Aqua Medic Refractometer" border="0" height="150" src="images/refractometer-150x150.jpg" title=" Aqua Medic Refractometer " width="150"/>
                                                                                            </a>
                                                                                            <br/>
                                                                                            <a href="https://www.aquafair.de/product_info.php/products_id/587?osCsid=d608357305b12187b01c937a8456ed8d">
                                                                                             Aqua Medic Refractometer
                                                                                            </a>
                                                                                            <br/>
                                                                                            Ehemaliger Verkäuferpreis
                                                                                            <s>
                                                                                             85,00 EUR
                                                                                            </s>
                                                                                            <br/>
                                                                                            jetzt nur
                                                                                            <span class="productSpecialPrice">
                                                                                             79,00 EUR
                                                                                             <br/>
                                                                                             <div class="tax_info">
                                                                                              [inkl. 19% MwSt zzgl.
                                                                                              <a class="tax_info" href="https://www.aquafair.de/shipping.php?osCsid=d608357305b12187b01c937a8456ed8d">
                                                                                               <u>
                                                                                                Versandkosten.
                                                                                               </u>
                                                                                              </a>
                                                                                              ]
                                                                                             </div>
                                                                                             Versandkostenfrei!
                                                                                             <br/>
                                                                                            </span>
                                                                                            <br/>
                                                                                            <center>
                                                                                             <a href="https://www.aquafair.de/product_info.php/products_id/5207?osCsid=d608357305b12187b01c937a8456ed8d">
                                                                                              <img alt="Tunze Turbelle® stream 3 6150  inkl. Controller (6150.000)" border="0" height="150" src="images/Tunze Turbelle stream 3-150x150.jpg" title=" Tunze Turbelle® stream 3 6150  inkl. Controller (6150.000) " width="150"/>
                                                                                             </a>
                                                                                             <br/>
                                                                                             <a href="https://www.aquafair.de/product_info.php/products_id/5207?osCsid=d608357305b12187b01c937a8456ed8d">
                                                                                              Tunze Turbelle® stream 3 6150  inkl. Controller (6150.000)
                                                                                             </a>
                                                                                             <br/>
                                                                                             Ehemaliger Verkäuferpreis
                                                                                             <s>
                                                                                              274,90 EUR
                                                                                             </s>
                                                                                             <br/>
                                                                                             jetzt nur
                                                                                             <span class="productSpecialPrice">
                                                                                              259,00 EUR
                                                                                              <br/>
                                                                                              <div class="tax_info">
                                                                                               [inkl. 19% MwSt zzgl.
                                                                                               <a class="tax_info" href="https://www.aquafair.de/shipping.php?osCsid=d608357305b12187b01c937a8456ed8d">
                                                                                                <u>
                                                                                                 Versandkosten.
                                                                                                </u>
                                                                                               </a>
                                                                                               ]
                                                                                              </div>
                                                                                              Versandkostenfrei in DE!
                                                                                              <br/>
                                                                                             </span>
                                                                                             <br/>
                                                                                             <center>
                                                                                              <a href="https://www.aquafair.de/product_info.php/products_id/3720?osCsid=d608357305b12187b01c937a8456ed8d">
                                                                                               <img alt="ATI Hybrid LED-Powermodul 8x24 Watt T5+1x75 Watt LED+Röhren" border="0" height="150" src="images/ATI_LED_PM_Mont2-150x150.jpg" title=" ATI Hybrid LED-Powermodul 8x24 Watt T5+1x75 Watt LED+Röhren " width="150"/>
                                                                                              </a>
                                                                                              <br/>
                                                                                              <a href="https://www.aquafair.de/product_info.php/products_id/3720?osCsid=d608357305b12187b01c937a8456ed8d">
                                                                                               ATI Hybrid LED-Powermodul 8x24 Watt T5+1x75 Watt LED+Röhren
                                                                                              </a>
                                                                                              <br/>
                                                                                              Ehemaliger Verkäuferpreis
                                                                                              <s>
                                                                                               1.229,00 EUR
                                                                                              </s>
                                                                                              <br/>
                                                                                              jetzt nur
                                                                                              <span class="productSpecialPrice">
                                                                                               1.037,90 EUR
                                                                                               <br/>
                                                                                               <div class="tax_info">
                                                                                                [inkl. 19% MwSt zzgl.
                                                                                                <a class="tax_info" href="https://www.aquafair.de/shipping.php?osCsid=d608357305b12187b01c937a8456ed8d">
                                                                                                 <u>
                                                                                                  Versandkosten.
                                                                                                 </u>
                                                                                                </a>
                                                                                                ]
                                                                                               </div>
                                                                                               Neue Version mit WIFI!
                                                                                               <br/>
                                                                                              </span>
                                                                                              <br/>
                                                                                              <center>
                                                                                               <a href="https://www.aquafair.de/product_info.php/products_id/5195?osCsid=d608357305b12187b01c937a8456ed8d">
                                                                                                <img alt="Philips CoralCare LED VERSION 2018 Set 3 Grau" border="0" height="150" src="images/Philips CoralCare 3 Farben Produktbild-150x150.jpg" title=" Philips CoralCare LED VERSION 2018 Set 3 Grau " width="150"/>
                                                                                               </a>
                                                                                               <br/>
                                                                                               <a href="https://www.aquafair.de/product_info.php/products_id/5195?osCsid=d608357305b12187b01c937a8456ed8d">
                                                                                                Philips CoralCare LED VERSION 2018 Set 3 Grau
                                                                                               </a>
                                                                                               <br/>
                                                                                               Ehemaliger Verkäuferpreis
                                                                                               <s>
                                                                                                2.209,00 EUR
                                                                                               </s>
                                                                                               <br/>
                                                                                               jetzt nur
                                                                                               <span class="productSpecialPrice">
                                                                                                2.028,99 EUR
                                                                                                <br/>
                                                                                                <div class="tax_info">
                                                                                                 [inkl. 19% MwSt zzgl.
                                                                                                 <a class="tax_info" href="https://www.aquafair.de/shipping.php?osCsid=d608357305b12187b01c937a8456ed8d">
                                                                                                  <u>
                                                                                                   Versandkosten.
                                                                                                  </u>
                                                                                                 </a>
                                                                                                 ]
                                                                                                </div>
                                                                                                NEUE VERSION 2018!
                                                                                                <br/>
                                                                                               </span>
                                                                                               <br/>
                                                                                               <center>
                                                                                                <a href="https://www.aquafair.de/product_info.php/products_id/4845?osCsid=d608357305b12187b01c937a8456ed8d">
                                                                                                 <img alt="Reef Rock 2.1 Künstliches Riffgestein, 1 kg" border="0" height="150" src="images/aquadeco_Reef Rock-150x150.jpg" title=" Reef Rock 2.1 Künstliches Riffgestein, 1 kg " width="150"/>
                                                                                                </a>
                                                                                                <br/>
                                                                                                <a href="https://www.aquafair.de/product_info.php/products_id/4845?osCsid=d608357305b12187b01c937a8456ed8d">
                                                                                                 Reef Rock 2.1 Künstliches Riffgestein, 1 kg
                                                                                                </a>
                                                                                                <br/>
                                                                                                Ehemaliger Verkäuferpreis
                                                                                                <s>
                                                                                                 10,90 EUR
                                                                                                </s>
                                                                                                <br/>
                                                                                                jetzt nur
                                                                                                <span class="productSpecialPrice">
                                                                                                 9,50 EUR
                                                                                                 <br/>
                                                                                                 <div class="tax_info">
                                                                                                  [inkl. 19% MwSt zzgl.
                                                                                                  <a class="tax_info" href="https://www.aquafair.de/shipping.php?osCsid=d608357305b12187b01c937a8456ed8d">
                                                                                                   <u>
                                                                                                    Versandkosten.
                                                                                                   </u>
                                                                                                  </a>
                                                                                                  ]
                                                                                                 </div>
                                                                                                 Preis pro kg
                                                                                                 <br/>
                                                                                                </span>
                                                                                                <br/>
                                                                                                <center>
                                                                                                 <a href="https://www.aquafair.de/product_info.php/products_id/2015?osCsid=d608357305b12187b01c937a8456ed8d">
                                                                                                  <img alt="Tropic Marin Pro-Reef, 25 kg, Eimer" border="0" height="150" src="images/ProReef-150x150.jpg" title=" Tropic Marin Pro-Reef, 25 kg, Eimer " width="150"/>
                                                                                                 </a>
                                                                                                 <br/>
                                                                                                 <a href="https://www.aquafair.de/product_info.php/products_id/2015?osCsid=d608357305b12187b01c937a8456ed8d">
                                                                                                  Tropic Marin Pro-Reef, 25 kg, Eimer
                                                                                                 </a>
                                                                                                 <br/>
                                                                                                 Ehemaliger Verkäuferpreis
                                                                                                 <s>
                                                                                                  85,00 EUR
                                                                                                 </s>
                                                                                                 <br/>
                                                                                                 jetzt nur
                                                                                                 <span class="productSpecialPrice">
                                                                                                  79,00 EUR
                                                                                                  <br/>
                                                                                                  <div class="tax_info">
                                                                                                   [inkl. 19% MwSt zzgl.
                                                                                                   <a class="tax_info" href="https://www.aquafair.de/shipping.php?osCsid=d608357305b12187b01c937a8456ed8d">
                                                                                                    <u>
                                                                                                     Versandkosten.
                                                                                                    </u>
                                                                                                   </a>
                                                                                                   ]
                                                                                                  </div>
                                                                                                  Grundpreis: 3,16 €/kg
                                                                                                  <br/>
                                                                                                 </span>
                                                                                                 <br/>
                                                                                                 <center>
                                                                                                  <a href="https://www.aquafair.de/product_info.php/products_id/5597?osCsid=d608357305b12187b01c937a8456ed8d">
                                                                                                   <img alt="Philips CoralCare LED VERSION 2018 Set 3 Weiß" border="0" height="150" src="images/Philips CoralCare 3 Farben Produktbild-150x150.jpg" title=" Philips CoralCare LED VERSION 2018 Set 3 Weiß " width="150"/>
                                                                                                  </a>
                                                                                                  <br/>
                                                                                                  <a href="https://www.aquafair.de/product_info.php/products_id/5597?osCsid=d608357305b12187b01c937a8456ed8d">
                                                                                                   Philips CoralCare LED VERSION 2018 Set 3 Weiß
                                                                                                  </a>
                                                                                                  <br/>
                                                                                                  Ehemaliger Verkäuferpreis
                                                                                                  <s>
                                                                                                   2.209,00 EUR
                                                                                                  </s>
                                                                                                  <br/>
                                                                                                  jetzt nur
                                                                                                  <span class="productSpecialPrice">
                                                                                                   2.028,99 EUR
                                                                                                   <br/>
                                                                                                   <div class="tax_info">
                                                                                                    [inkl. 19% MwSt zzgl.
                                                                                                    <a class="tax_info" href="https://www.aquafair.de/shipping.php?osCsid=d608357305b12187b01c937a8456ed8d">
                                                                                                     <u>
                                                                                                      Versandkosten.
                                                                                                     </u>
                                                                                                    </a>
                                                                                                    ]
                                                                                                   </div>
                                                                                                   NEUE VERSION 2018!
                                                                                                   <br/>
                                                                                                  </span>
                                                                                                  <br/>
                                                                                                  <center>
                                                                                                   <a href="https://www.aquafair.de/product_info.php/products_id/3723?osCsid=d608357305b12187b01c937a8456ed8d">
                                                                                                    <img alt="ATI Hybrid LED-Powermodul 8x80 Watt T5+4x75Watt LED+Röhren" border="0" height="150" src="images/ATI_LED_PM_Mont2-150x150.jpg" title=" ATI Hybrid LED-Powermodul 8x80 Watt T5+4x75Watt LED+Röhren " width="150"/>
                                                                                                   </a>
                                                                                                   <br/>
                                                                                                   <a href="https://www.aquafair.de/product_info.php/products_id/3723?osCsid=d608357305b12187b01c937a8456ed8d">
                                                                                                    ATI Hybrid LED-Powermodul 8x80 Watt T5+4x75Watt LED+Röhren
                                                                                                   </a>
                                                                                                   <br/>
                                                                                                   Ehemaliger Verkäuferpreis
                                                                                                   <s>
                                                                                                    1.969,00 EUR
                                                                                                   </s>
                                                                                                   <br/>
                                                                                                   jetzt nur
                                                                                                   <span class="productSpecialPrice">
                                                                                                    1.814,90 EUR
                                                                                                    <br/>
                                                                                                    <div class="tax_info">
                                                                                                     [inkl. 19% MwSt zzgl.
                                                                                                     <a class="tax_info" href="https://www.aquafair.de/shipping.php?osCsid=d608357305b12187b01c937a8456ed8d">
                                                                                                      <u>
                                                                                                       Versandkosten.
                                                                                                      </u>
                                                                                                     </a>
                                                                                                     ]
                                                                                                    </div>
                                                                                                    Neue Version mit WIFI!
                                                                                                    <br/>
                                                                                                   </span>
                                                                                                   <br/>
                                                                                                   <center>
                                                                                                    <a href="https://www.aquafair.de/product_info.php/products_id/4846?osCsid=d608357305b12187b01c937a8456ed8d">
                                                                                                     <img alt="Reef Rock 2.1 Künstliches Riffgestein, 25 kg/Box" border="0" height="150" src="images/aquadeco_Reef Rock-150x150.jpg" title=" Reef Rock 2.1 Künstliches Riffgestein, 25 kg/Box " width="150"/>
                                                                                                    </a>
                                                                                                    <br/>
                                                                                                    <a href="https://www.aquafair.de/product_info.php/products_id/4846?osCsid=d608357305b12187b01c937a8456ed8d">
                                                                                                     Reef Rock 2.1 Künstliches Riffgestein, 25 kg/Box
                                                                                                    </a>
                                                                                                    <br/>
                                                                                                    Ehemaliger Verkäuferpreis
                                                                                                    <s>
                                                                                                     247,50 EUR
                                                                                                    </s>
                                                                                                    <br/>
                                                                                                    jetzt nur
                                                                                                    <span class="productSpecialPrice">
                                                                                                     219,00 EUR
                                                                                                     <br/>
                                                                                                     <div class="tax_info">
                                                                                                      [inkl. 19% MwSt zzgl.
                                                                                                      <a class="tax_info" href="https://www.aquafair.de/shipping.php?osCsid=d608357305b12187b01c937a8456ed8d">
                                                                                                       <u>
                                                                                                        Versandkosten.
                                                                                                       </u>
                                                                                                      </a>
                                                                                                      ]
                                                                                                     </div>
                                                                                                     Grundpreis: 8,76 €/kg
                                                                                                     <br/>
                                                                                                    </span>
                                                                                                    <br/>
                                                                                                    <center>
                                                                                                     <a href="https://www.aquafair.de/product_info.php/products_id/5129?osCsid=d608357305b12187b01c937a8456ed8d">
                                                                                                      <img alt="Philips CoralCare LED VERSION 2018 Set 2 Grau" border="0" height="150" src="images/Philips CoralCare 3 Farben Produktbild-150x150.jpg" title=" Philips CoralCare LED VERSION 2018 Set 2 Grau " width="150"/>
                                                                                                     </a>
                                                                                                     <br/>
                                                                                                     <a href="https://www.aquafair.de/product_info.php/products_id/5129?osCsid=d608357305b12187b01c937a8456ed8d">
                                                                                                      Philips CoralCare LED VERSION 2018 Set 2 Grau
                                                                                                     </a>
                                                                                                     <br/>
                                                                                                     Ehemaliger Verkäuferpreis
                                                                                                     <s>
                                                                                                      1.500,00 EUR
                                                                                                     </s>
                                                                                                     <br/>
                                                                                                     jetzt nur
                                                                                                     <span class="productSpecialPrice">
                                                                                                      1.384,99 EUR
                                                                                                      <br/>
                                                                                                      <div class="tax_info">
                                                                                                       [inkl. 19% MwSt zzgl.
                                                                                                       <a class="tax_info" href="https://www.aquafair.de/shipping.php?osCsid=d608357305b12187b01c937a8456ed8d">
                                                                                                        <u>
                                                                                                         Versandkosten.
                                                                                                        </u>
                                                                                                       </a>
                                                                                                       ]
                                                                                                      </div>
                                                                                                      NEUE VERSION 2018!
                                                                                                      <br/>
                                                                                                     </span>
                                                                                                     <br/>
                                                                                                     <center>
                                                                                                      <a href="https://www.aquafair.de/product_info.php/products_id/3353?osCsid=d608357305b12187b01c937a8456ed8d">
                                                                                                       <img alt="Tunze Comline® Reefpack 250 (0250.000)" border="0" height="150" src="images/4b1a97e8a9-150x150.jpg" title=" Tunze Comline® Reefpack 250 (0250.000) " width="150"/>
                                                                                                      </a>
                                                                                                      <br/>
                                                                                                      <a href="https://www.aquafair.de/product_info.php/products_id/3353?osCsid=d608357305b12187b01c937a8456ed8d">
                                                                                                       Tunze Comline® Reefpack 250 (0250.000)
                                                                                                      </a>
                                                                                                      <br/>
                                                                                                      Ehemaliger Verkäuferpreis
                                                                                                      <s>
                                                                                                       154,90 EUR
                                                                                                      </s>
                                                                                                      <br/>
                                                                                                      jetzt nur
                                                                                                      <span class="productSpecialPrice">
                                                                                                       143,89 EUR
                                                                                                       <br/>
                                                                                                       <div class="tax_info">
                                                                                                        [inkl. 19% MwSt zzgl.
                                                                                                        <a class="tax_info" href="https://www.aquafair.de/shipping.php?osCsid=d608357305b12187b01c937a8456ed8d">
                                                                                                         <u>
                                                                                                          Versandkosten.
                                                                                                         </u>
                                                                                                        </a>
                                                                                                        ]
                                                                                                       </div>
                                                                                                       Versandkostenfrei in DE
                                                                                                       <br/>
                                                                                                      </span>
                                                                                                      <br/>
                                                                                                      <center>
                                                                                                       <a href="https://www.aquafair.de/product_info.php/products_id/3788?osCsid=d608357305b12187b01c937a8456ed8d">
                                                                                                        <img alt="Coral-Reef light Meersalz, 7 kg, Eimer" border="0" height="150" src="images/093462464795-150x150.jpg" title=" Coral-Reef light Meersalz, 7 kg, Eimer " width="150"/>
                                                                                                       </a>
                                                                                                       <br/>
                                                                                                       <a href="https://www.aquafair.de/product_info.php/products_id/3788?osCsid=d608357305b12187b01c937a8456ed8d">
                                                                                                        Coral-Reef light Meersalz, 7 kg, Eimer
                                                                                                       </a>
                                                                                                       <br/>
                                                                                                       Ehemaliger Verkäuferpreis
                                                                                                       <s>
                                                                                                        18,95 EUR
                                                                                                       </s>
                                                                                                       <br/>
                                                                                                       jetzt nur
                                                                                                       <span class="productSpecialPrice">
                                                                                                        16,11 EUR
                                                                                                        <br/>
                                                                                                        <div class="tax_info">
                                                                                                         [inkl. 19% MwSt zzgl.
                                                                                                         <a class="tax_info" href="https://www.aquafair.de/shipping.php?osCsid=d608357305b12187b01c937a8456ed8d">
                                                                                                          <u>
                                                                                                           Versandkosten.
                                                                                                          </u>
                                                                                                         </a>
                                                                                                         ]
                                                                                                        </div>
                                                                                                        Grundpreis: 2,30 €/kg
                                                                                                        <br/>
                                                                                                       </span>
                                                                                                       <br/>
                                                                                                       <center>
                                                                                                        <a href="https://www.aquafair.de/product_info.php/products_id/335?osCsid=d608357305b12187b01c937a8456ed8d">
                                                                                                         <img alt="AQUA-Korallen-Gel, 20 g, Tube" border="0" height="150" src="images/AQUA-Korallen-Gel neu-150x150.jpg" title=" AQUA-Korallen-Gel, 20 g, Tube " width="150"/>
                                                                                                        </a>
                                                                                                        <br/>
                                                                                                        <a href="https://www.aquafair.de/product_info.php/products_id/335?osCsid=d608357305b12187b01c937a8456ed8d">
                                                                                                         AQUA-Korallen-Gel, 20 g, Tube
                                                                                                        </a>
                                                                                                        <br/>
                                                                                                        Ehemaliger Verkäuferpreis
                                                                                                        <s>
                                                                                                         11,90 EUR
                                                                                                        </s>
                                                                                                        <br/>
                                                                                                        jetzt nur
                                                                                                        <span class="productSpecialPrice">
                                                                                                         9,90 EUR
                                                                                                         <br/>
                                                                                                         <div class="tax_info">
                                                                                                          [inkl. 19% MwSt zzgl.
                                                                                                          <a class="tax_info" href="https://www.aquafair.de/shipping.php?osCsid=d608357305b12187b01c937a8456ed8d">
                                                                                                           <u>
                                                                                                            Versandkosten.
                                                                                                           </u>
                                                                                                          </a>
                                                                                                          ]
                                                                                                         </div>
                                                                                                         Grundpreis: 49,50€/100g
                                                                                                         <br/>
                                                                                                        </span>
                                                                                                        <br/>
                                                                                                        <center>
                                                                                                         <a href="https://www.aquafair.de/product_info.php/products_id/5234?osCsid=d608357305b12187b01c937a8456ed8d">
                                                                                                          <img alt="ATI-Jebao DCP-2500 Förderpumpe" border="0" height="150" src="images/Jebao DCP-3000-150x150.jpg" title=" ATI-Jebao DCP-2500 Förderpumpe " width="150"/>
                                                                                                         </a>
                                                                                                         <br/>
                                                                                                         <a href="https://www.aquafair.de/product_info.php/products_id/5234?osCsid=d608357305b12187b01c937a8456ed8d">
                                                                                                          ATI-Jebao DCP-2500 Förderpumpe
                                                                                                         </a>
                                                                                                         <br/>
                                                                                                         Ehemaliger Verkäuferpreis
                                                                                                         <s>
                                                                                                          69,90 EUR
                                                                                                         </s>
                                                                                                         <br/>
                                                                                                         jetzt nur
                                                                                                         <span class="productSpecialPrice">
                                                                                                          64,90 EUR
                                                                                                          <br/>
                                                                                                          <div class="tax_info">
                                                                                                           [inkl. 19% MwSt zzgl.
                                                                                                           <a class="tax_info" href="https://www.aquafair.de/shipping.php?osCsid=d608357305b12187b01c937a8456ed8d">
                                                                                                            <u>
                                                                                                             Versandkosten.
                                                                                                            </u>
                                                                                                           </a>
                                                                                                           ]
                                                                                                          </div>
                                                                                                          <br/>
                                                                                                         </span>
                                                                                                         <br/>
                                                                                                         <center>
                                                                                                          <a href="https://www.aquafair.de/product_info.php/products_id/5594?osCsid=d608357305b12187b01c937a8456ed8d">
                                                                                                           <img alt="Philips CoralCare LED VERSION 2018 Weiß" border="0" height="150" src="images/Philips CoralCare 3 Farben Produktbild-150x150.jpg" title=" Philips CoralCare LED VERSION 2018 Weiß " width="150"/>
                                                                                                          </a>
                                                                                                          <br/>
                                                                                                          <a href="https://www.aquafair.de/product_info.php/products_id/5594?osCsid=d608357305b12187b01c937a8456ed8d">
                                                                                                           Philips CoralCare LED VERSION 2018 Weiß
                                                                                                          </a>
                                                                                                          <br/>
                                                                                                          Ehemaliger Verkäuferpreis
                                                                                                          <s>
                                                                                                           739,00 EUR
                                                                                                          </s>
                                                                                                          <br/>
                                                                                                          jetzt nur
                                                                                                          <span class="productSpecialPrice">
                                                                                                           668,99 EUR
                                                                                                           <br/>
                                                                                                           <div class="tax_info">
                                                                                                            [inkl. 19% MwSt zzgl.
                                                                                                            <a class="tax_info" href="https://www.aquafair.de/shipping.php?osCsid=d608357305b12187b01c937a8456ed8d">
                                                                                                             <u>
                                                                                                              Versandkosten.
                                                                                                             </u>
                                                                                                            </a>
                                                                                                            ]
                                                                                                           </div>
                                                                                                           NEUE VERSION 2018!
                                                                                                           <br/>
                                                                                                          </span>
                                                                                                          <br/>
                                                                                                          <center>
                                                                                                           <a href="https://www.aquafair.de/product_info.php/products_id/5603?osCsid=d608357305b12187b01c937a8456ed8d">
                                                                                                            <img alt="Philips CoralCare LED VERSION 2018 Set 3 Schwarz" border="0" height="150" src="images/Philips CoralCare 3 Farben Produktbild-150x150.jpg" title=" Philips CoralCare LED VERSION 2018 Set 3 Schwarz " width="150"/>
                                                                                                           </a>
                                                                                                           <br/>
                                                                                                           <a href="https://www.aquafair.de/product_info.php/products_id/5603?osCsid=d608357305b12187b01c937a8456ed8d">
                                                                                                            Philips CoralCare LED VERSION 2018 Set 3 Schwarz
                                                                                                           </a>
                                                                                                           <br/>
                                                                                                           Ehemaliger Verkäuferpreis
                                                                                                           <s>
                                                                                                            2.209,00 EUR
                                                                                                           </s>
                                                                                                           <br/>
                                                                                                           jetzt nur
                                                                                                           <span class="productSpecialPrice">
                                                                                                            2.028,99 EUR
                                                                                                            <br/>
                                                                                                            <div class="tax_info">
                                                                                                             [inkl. 19% MwSt zzgl.
                                                                                                             <a class="tax_info" href="https://www.aquafair.de/shipping.php?osCsid=d608357305b12187b01c937a8456ed8d">
                                                                                                              <u>
                                                                                                               Versandkosten.
                                                                                                              </u>
                                                                                                             </a>
                                                                                                             ]
                                                                                                            </div>
                                                                                                            NEUE VERSION 2018!
                                                                                                            <br/>
                                                                                                           </span>
                                                                                                           <br/>
                                                                                                           <center>
                                                                                                            <a href="https://www.aquafair.de/product_info.php/products_id/5127?osCsid=d608357305b12187b01c937a8456ed8d">
                                                                                                             <img alt="Philips CoralCare LED VERSION 2018 Grau" border="0" height="150" src="images/Philips CoralCare 3 Farben Produktbild-150x150.jpg" title=" Philips CoralCare LED VERSION 2018 Grau " width="150"/>
                                                                                                            </a>
                                                                                                            <br/>
                                                                                                            <a href="https://www.aquafair.de/product_info.php/products_id/5127?osCsid=d608357305b12187b01c937a8456ed8d">
                                                                                                             Philips CoralCare LED VERSION 2018 Grau
                                                                                                            </a>
                                                                                                            <br/>
                                                                                                            Ehemaliger Verkäuferpreis
                                                                                                            <s>
                                                                                                             739,00 EUR
                                                                                                            </s>
                                                                                                            <br/>
                                                                                                            jetzt nur
                                                                                                            <span class="productSpecialPrice">
                                                                                                             668,99 EUR
                                                                                                             <br/>
                                                                                                             <div class="tax_info">
                                                                                                              [inkl. 19% MwSt zzgl.
                                                                                                              <a class="tax_info" href="https://www.aquafair.de/shipping.php?osCsid=d608357305b12187b01c937a8456ed8d">
                                                                                                               <u>
                                                                                                                Versandkosten.
                                                                                                               </u>
                                                                                                              </a>
                                                                                                              ]
                                                                                                             </div>
                                                                                                             NEUE VERSION 2018!
                                                                                                             <br/>
                                                                                                            </span>
                                                                                                            <br/>
                                                                                                           </center>
                                                                                                          </center>
                                                                                                         </center>
                                                                                                        </center>
                                                                                                       </center>
                                                                                                      </center>
                                                                                                     </center>
                                                                                                    </center>
                                                                                                   </center>
                                                                                                  </center>
                                                                                                 </center>
                                                                                                </center>
                                                                                               </center>
                                                                                              </center>
                                                                                             </center>
                                                                                            </center>
                                                                                           </center>
                                                                                          </center>
                                                                                         </center>
                                                                                        </center>
                                                                                       </center>
                                                                                      </center>
                                                                                     </center>
                                                                                    </center>
                                                                                   </center>
                                                                                  </center>
                                                                                 </center>
                                                                                </center>
                                                                               </center>
                                                                              </center>
                                                                             </center>
                                                                            </center>
                                                                           </center>
                                                                          </center>
                                                                         </center>
                                                                        </center>
                                                                       </center>
                                                                      </center>
                                                                     </center>
                                                                    </center>
                                                                   </center>
                                                                  </center>
                                                                 </center>
                                                                </center>
                                                               </center>
                                                              </center>
                                                             </center>
                                                            </center>
                                                           </center>
                                                          </center>
                                                         </center>
                                                        </center>
                                                       </center>
                                                      </center>
                                                     </center>
                                                    </center>
                                                   </center>
                                                  </center>
                                                 </center>
                                                </center>
                                               </center>
                                              </center>
                                             </center>
                                            </center>
                                           </center>
                                          </center>
                                         </center>
                                        </center>
                                       </center>
                                      </center>
                                     </center>
                                    </center>
                                   </center>
                                  </center>
                                 </center>
                                </center>
                               </center>
                              </center>
                             </center>
                            </center>
                           </center>
                          </center>
                         </center>
                        </center>
                       </center>
                      </center>
                     </center>
                    </center>
                   </center>
                  </center>
                 </center>
                </center>
               </marquee>
              </td>
             </tr>
             <tr>
              <td>
               <img alt="" border="0" height="1" src="images/pixel_trans.gif" width="1"/>
              </td>
             </tr>
            </table>
           </td>
          </tr>
         </table>
        </td>
       </tr>
       <!-- specials_eof //-->
       <!-- best_sellers //-->
       <tr>
        <td>
         <table border="0" cellpadding="0" cellspacing="0" width="100%">
          <tr>
           <td class="infoBoxHeading" height="14">
            <img alt="" border="0" height="22" src="images/infobox/corner_left.gif" width="11"/>
           </td>
           <td class="infoBoxHeading" height="14" width="100%">
            Bestseller
           </td>
           <td class="infoBoxHeading" height="14" nowrap="">
            <img alt="" border="0" height="22" src="images/infobox/corner_right.gif" width="11"/>
           </td>
          </tr>
         </table>
         <table border="0" cellpadding="0" cellspacing="0" class="infoBox" width="100%">
          <tr>
           <td>
            <table border="0" cellpadding="3" cellspacing="0" class="infoBoxContents" width="100%">
             <tr>
              <td>
               <img alt="" border="0" height="1" src="images/pixel_trans.gif" width="1"/>
              </td>
             </tr>
             <tr>
              <td class="boxText">
               <table border="0" cellpadding="1" cellspacing="0" width="100%">
                <tr>
                 <td class="infoBoxContents" valign="top">
                  01.
                 </td>
                 <td class="infoBoxContents">
                  <a href="https://www.aquafair.de/product_info.php/products_id/304?osCsid=d608357305b12187b01c937a8456ed8d">
                   Natriumhydrogencarbonat, 5000 g, Nachfüllbeutel
                  </a>
                 </td>
                </tr>
                <tr>
                 <td class="infoBoxContents" valign="top">
                  02.
                 </td>
                 <td class="infoBoxContents">
                  <a href="https://www.aquafair.de/product_info.php/products_id/104?osCsid=d608357305b12187b01c937a8456ed8d">
                   Calciumchlorid-Dihydrat, 5000 g, Nachfüllbeutel
                  </a>
                 </td>
                </tr>
                <tr>
                 <td class="infoBoxContents" valign="top">
                  03.
                 </td>
                 <td class="infoBoxContents">
                  <a href="https://www.aquafair.de/product_info.php/products_id/101?osCsid=d608357305b12187b01c937a8456ed8d">
                   Calciumchlorid-Dihydrat, 5000 g, Eimer
                  </a>
                 </td>
                </tr>
                <tr>
                 <td class="infoBoxContents" valign="top">
                  04.
                 </td>
                 <td class="infoBoxContents">
                  <a href="https://www.aquafair.de/product_info.php/products_id/303?osCsid=d608357305b12187b01c937a8456ed8d">
                   Natriumhydrogencarbonat, 5000 g, Eimer
                  </a>
                 </td>
                </tr>
                <tr>
                 <td class="infoBoxContents" valign="top">
                  05.
                 </td>
                 <td class="infoBoxContents">
                  <a href="https://www.aquafair.de/product_info.php/products_id/255?osCsid=d608357305b12187b01c937a8456ed8d">
                   Mysis (Schwebegarnelen), 100 g Schokotafel
                  </a>
                 </td>
                </tr>
                <tr>
                 <td class="infoBoxContents" valign="top">
                  06.
                 </td>
                 <td class="infoBoxContents">
                  <a href="https://www.aquafair.de/product_info.php/products_id/370?osCsid=d608357305b12187b01c937a8456ed8d">
                   Magnesiumchlorid-Hexahydrat, 5000 g, Nachfüllbeutel
                  </a>
                 </td>
                </tr>
                <tr>
                 <td class="infoBoxContents" valign="top">
                  07.
                 </td>
                 <td class="infoBoxContents">
                  <a href="https://www.aquafair.de/product_info.php/products_id/369?osCsid=d608357305b12187b01c937a8456ed8d">
                   Magnesiumchlorid-Hexahydrat, 5000 g, Eimer
                  </a>
                 </td>
                </tr>
                <tr>
                 <td class="infoBoxContents" valign="top">
                  08.
                 </td>
                 <td class="infoBoxContents">
                  <a href="https://www.aquafair.de/product_info.php/products_id/624?osCsid=d608357305b12187b01c937a8456ed8d">
                   Riffgestein, trocken, 1 kg
                  </a>
                 </td>
                </tr>
                <tr>
                 <td class="infoBoxContents" valign="top">
                  09.
                 </td>
                 <td class="infoBoxContents">
                  <a href="https://www.aquafair.de/product_info.php/products_id/365?osCsid=d608357305b12187b01c937a8456ed8d">
                   Natriumchloridfreie Mineralsalzmischung, 1000 g, Nachfüllbeutel
                  </a>
                 </td>
                </tr>
                <tr>
                 <td class="infoBoxContents" valign="top">
                  10.
                 </td>
                 <td class="infoBoxContents">
                  <a href="https://www.aquafair.de/product_info.php/products_id/537?osCsid=d608357305b12187b01c937a8456ed8d">
                   Natriumchloridfreie Mineralsalzmischung, 1000 g, Eimer
                  </a>
                 </td>
                </tr>
               </table>
              </td>
             </tr>
             <tr>
              <td>
               <img alt="" border="0" height="1" src="images/pixel_trans.gif" width="1"/>
              </td>
             </tr>
            </table>
           </td>
          </tr>
         </table>
        </td>
       </tr>
       <!-- best_sellers_eof //-->
       <!-- featured_products //-->
       <tr>
        <td>
         <table border="0" cellpadding="0" cellspacing="0" width="100%">
          <tr>
           <td class="infoBoxHeading" height="14">
            <img alt="" border="0" height="22" src="images/infobox/corner_left.gif" width="11"/>
           </td>
           <td class="infoBoxHeading" height="14" width="100%">
            Empfehlungen
           </td>
           <td class="infoBoxHeading" height="14" nowrap="">
            <a href="https://www.aquafair.de/featured_products.php?osCsid=d608357305b12187b01c937a8456ed8d">
             <img alt="Zeige mehr" border="0" height="20" src="images/infobox/arrow_right.gif" title=" Zeige mehr " width="12"/>
            </a>
            <img alt="" border="0" height="22" src="images/infobox/corner_right.gif" width="11"/>
           </td>
          </tr>
         </table>
         <table border="0" cellpadding="0" cellspacing="0" class="infoBox" width="100%">
          <tr>
           <td>
            <table border="0" cellpadding="3" cellspacing="0" class="infoBoxContents" width="100%">
             <tr>
              <td>
               <img alt="" border="0" height="1" src="images/pixel_trans.gif" width="1"/>
              </td>
             </tr>
             <tr>
              <td align="center" class="boxText">
               <a href="https://www.aquafair.de/product_info.php/products_id/3742?osCsid=d608357305b12187b01c937a8456ed8d">
                <img alt="Vertex Umkehrosmoseanlage PURATEK DELUXE 200 RO/DI" border="0" height="150" src="images/PURATEK DELUXE 200 RO DI-150x150.jpg" title=" Vertex Umkehrosmoseanlage PURATEK DELUXE 200 RO/DI " width="150"/>
               </a>
               <br/>
               <a href="https://www.aquafair.de/product_info.php/products_id/3742?osCsid=d608357305b12187b01c937a8456ed8d">
                Vertex Umkehrosmoseanlage PURATEK DELUXE 200 RO/DI
               </a>
               <br/>
               499,99 EUR
               <br/>
               <div class="tax_info">
                [inkl. 19% MwSt zzgl.
                <a class="tax_info" href="https://www.aquafair.de/shipping.php?osCsid=d608357305b12187b01c937a8456ed8d">
                 <u>
                  Versandkosten.
                 </u>
                </a>
                ]
               </div>
               <br/>
               Versandkostenfrei in DE!
              </td>
             </tr>
             <tr>
              <td>
               <img alt="" border="0" height="1" src="images/pixel_trans.gif" width="1"/>
              </td>
             </tr>
            </table>
           </td>
          </tr>
         </table>
        </td>
       </tr>
       <!-- featured_products_eof //-->
       <!-- reviews //-->
       <tr>
        <td>
         <table border="0" cellpadding="0" cellspacing="0" width="100%">
          <tr>
           <td class="infoBoxHeading" height="14">
            <img alt="" border="0" height="22" src="images/infobox/corner_left.gif" width="11"/>
           </td>
           <td class="infoBoxHeading" height="14" width="100%">
            Bewertungen
           </td>
           <td class="infoBoxHeading" height="14" nowrap="">
            <a href="https://www.aquafair.de/reviews.php?osCsid=d608357305b12187b01c937a8456ed8d">
             <img alt="Zeige mehr" border="0" height="20" src="images/infobox/arrow_right.gif" title=" Zeige mehr " width="12"/>
            </a>
            <img alt="" border="0" height="22" src="images/infobox/corner_right.gif" width="11"/>
           </td>
          </tr>
         </table>
         <table border="0" cellpadding="0" cellspacing="0" class="infoBox" width="100%">
          <tr>
           <td>
            <table border="0" cellpadding="3" cellspacing="0" class="infoBoxContents" width="100%">
             <tr>
              <td>
               <img alt="" border="0" height="1" src="images/pixel_trans.gif" width="1"/>
              </td>
             </tr>
             <tr>
              <td class="boxText">
               <div align="center">
                <a href="https://www.aquafair.de/product_reviews_info.php/products_id/5137/reviews_id/126?osCsid=d608357305b12187b01c937a8456ed8d">
                 <img alt="Maxspect Gyre XF-250, 60 Watt, Bundle" border="0" height="150" src="images/Gyre Bundle-150x150.jpg" title=" Maxspect Gyre XF-250, 60 Watt, Bundle " width="150"/>
                </a>
               </div>
               <br/>
               <a href="https://www.aquafair.de/product_reviews_info.php/products_id/5137/reviews_id/126?osCsid=d608357305b12187b01c937a8456ed8d">
                Besser geht es garnicht ... hatte schon einige Pumpen getest ..
               </a>
               <br/>
               <div align="center">
                <img alt="5 von 5 Sternen!" border="0" height="11" src="images/stars_5.gif" title=" 5 von 5 Sternen! " width="59"/>
               </div>
              </td>
             </tr>
             <tr>
              <td>
               <img alt="" border="0" height="1" src="images/pixel_trans.gif" width="1"/>
              </td>
             </tr>
            </table>
           </td>
          </tr>
         </table>
        </td>
       </tr>
       <!-- reviews_eof //-->
       <!-- right_navigation_eof //-->
      </table>
     </td>
    </tr>
   </table>
   <!-- body_eof //-->
  </article>
  <!-- footer //-->
  <table align="center" border="0" cellpadding="0" cellspacing="0" height="24" width="990">
   <tr>
    <td bgcolor="#9D9D9D" width="1">
     <img src="images/infobox/corner_left.gif" width="1"/>
    </td>
    <td class="infoBoxHeading">
     <span class="linkzursitemap">
      Mittwoch, 01. August 2018
     </span>
    </td>
    <td class="infoBoxHeading">
     <a href="categories_map.php">
      <span class="linkzursitemap">
       Kategoriestruktur - Übersicht -
      </span>
     </a>
     <a href="http://aquafair.de/">
      <span class="linkzursitemap">
       Mobil
      </span>
     </a>
     <a href="all_products.php">
      <span class="linkzursitemap">
       Sitemap
      </span>
     </a>
    </td>
    <td align="right" class="infoBoxHeading" infoboxheading="">
     37935693 Zugriffe seit Freitag, 11. November 2005
    </td>
    <td bgcolor="#9D9D9D" width="1">
    </td>
   </tr>
  </table>
  <br/>
  <table align="center" border="0" cellpadding="0" cellspacing="0" width="990">
   <tr>
    <td align="center" class="smallText">
     <a href="http://www.top-suchmaschineneintrag.de" rel="nofollow" target="_blank">
      Suchmaschinenoptimierung für osCommerce Shopsysteme
     </a>
     <a href="http://www.pfalz-webdesign.de" rel="nofollow" target="_blank">
      Copyright © 2011 pfalz-web Internetservice e.k
     </a>
     .
     <a href="http://www.oscommerce.com" rel="nofollow" target="_blank">
      Shopsystem  osCommerce
     </a>
    </td>
   </tr>
  </table>
  <!-- footer_eof //-->
 </body>
</html>
<!DOCTYPE html PUBLIC "-//W3C//DTD HTML 4.01 Transitional//EN">
 <html dir="LTR" lang="de">
  <head>
   <meta content="text/html; charset=utf-8" http-equiv="Content-Type"/>
   <title>
    AQUAfair Aquarium Aquaristikzubehör Fischfutter Frostfutter Filtermaterial
   </title>
   <meta content=" Ballingmethode,Ballingsalze,Korallenkleber,Phosphatadsorber,Aquarium,Aquaristik,Meeresalgen,Jod,Aktivkohle,Fischfutter,Meerwasseraquarium,Zeolith,Natriumhydrogencarbonat,Wasseraufbereiter,Frostfutter,Nori,Süßwasseraquarium,Aquaristikzubehör,Filtermaterial" name="keywords"/>
   <meta content=" . Zubehör für Aquarium Meerwasseraquarium Süßwasseraquarium wie Ballingsalze f. Ballingmethode Korallenkleber Phosphatadsorber Futteralgen Aktivkohle Fischfutter Zeolith Natriumhydrogencarbonat Wasseraufbereiter Frostfutter Nori" name="description"/>
   <meta content="Handel" name="page-topic"/>
   <meta content="NEVER" name="expires"/>
   <meta content=" " name="author"/>
   <meta content=" " name="publisher"/>
   <meta content=" " name="copyright"/>
   <meta content="Kommerzielle Organisation" name="page-type"/>
   <meta content="Alle" name="audience"/>
   <meta content="INDEX,FOLLOW" name="robots"/>
   <meta content="de" name="language"/>
   <link href="http://aquafair.de" media="only screen and (max-width: 640px)" rel="alternate"/>
   <base href="https://www.aquafair.de/"/>
   <link href="stylesheet.css" rel="stylesheet" type="text/css"/>
   <meta content="width=device-width, initial-scale=1, maximum-scale=1" name="viewport"/>
  </head>
  <body bottommargin="0" leftmargin="0" marginheight="0" marginwidth="0" rightmargin="0" topmargin="0">
   <!-- header //-->
   <div class="frage">
    <a href="https://aquafair.de">
     Möchten Sie zur Ansicht für Mobilgeräte wechseln?
    </a>
   </div>
   <table align="center" bgcolor="#FFFFFF" border="0" cellpadding="0" cellspacing="0" width="998">
    <tr>
     <td valign="bottom">
      <table align="center" bgcolor="#FFFFFF" border="0" cellpadding="0" cellspacing="0" height="135" width="990">
       <tr>
        <td align="center" valign="middle">
         <a href="https://www.aquafair.de/index.php?osCsid=d608357305b12187b01c937a8456ed8d">
          <img alt="Startseite" border="0" height="127" src="images/eigene_bilder/logo.jpg" title=" Startseite " width="986"/>
         </a>
        </td>
       </tr>
      </table>
      <table align="center" border="0" cellpadding="0" cellspacing="0" height="24" width="990">
       <tr class="headerNavigation">
        <td bgcolor="#9D9D9D" width="1">
         <img height="1" src="images/infobox/abstand.gif" width="1"/>
        </td>
        <td class="infoBoxHeading">
         <a href="https://aquafair.de/">
          <img alt="Mobile Webseite" border="0" src="images/eigene_bilder/taste_o_quer_mobil.gif"/>
         </a>
        </td>
        <td class="infoBoxHeading">
         <a class="headerNavigation" href="https://www.aquafair.de">
          Startseite
         </a>
         »
         <a class="headerNavigation" href="https://www.aquafair.de/index.php?osCsid=d608357305b12187b01c937a8456ed8d">
          Katalog
         </a>
        </td>
        <td align="right" class="infoBoxHeading">
         <a class="headerNavigation" href="https://www.aquafair.de/account.php?osCsid=d608357305b12187b01c937a8456ed8d">
          Ihr Konto
         </a>
         |
         <a class="headerNavigation" href="https://www.aquafair.de/shopping_cart.php?osCsid=d608357305b12187b01c937a8456ed8d">
          Warenkorb
         </a>
         |
         <a class="headerNavigation" href="https://www.aquafair.de/checkout_shipping.php?osCsid=d608357305b12187b01c937a8456ed8d">
          Kasse
         </a>
        </td>
        <td bgcolor="#9D9D9D" width="1">
         <img height="1" src="images/infobox/abstand.gif" width="1"/>
        </td>
       </tr>
      </table>
     </td>
    </tr>
   </table>
   <!-- header_eof //-->
   <article>
    <!-- body //-->
    <table align="center" class="seitenflaeche">
     <tr>
      <td valign="top" width="210">
       <table border="0" cellpadding="2" cellspacing="0" width="210">
        <!-- left_navigation //-->
        <!-- categories //-->
        <tr>
         <td>
          <table border="0" cellpadding="0" cellspacing="0" width="100%">
           <tr>
            <td class="infoBoxHeading" height="14">
             <img alt="" border="0" height="22" src="images/infobox/corner_left.gif" width="11"/>
            </td>
            <td class="infoBoxHeading" height="14" width="100%">
             Kategorien
            </td>
            <td class="infoBoxHeading" height="14" nowrap="">
             <img alt="" border="0" height="22" src="images/infobox/corner_right.gif" width="11"/>
            </td>
           </tr>
          </table>
          <table border="0" cellpadding="0" cellspacing="0" class="infoBox" width="100%">
           <tr>
            <td>
             <table border="0" cellpadding="3" cellspacing="0" class="infoBoxContents" width="100%">
              <tr>
               <td>
                <img alt="" border="0" height="1" src="images/pixel_trans.gif" width="1"/>
               </td>
              </tr>
              <tr>
               <td align="left" class="boxText">
                <nobr>
                 <a href="https://www.aquafair.de/index.php/cPath/193?osCsid=d608357305b12187b01c937a8456ed8d" nowrap="">
                  <img alt="" border="0" height="8" src="images/red_bullet.gif" width="8"/>
                  Aquarien-&gt;
                 </a>
                </nobr>
                <br/>
                <hr noshade="" size="1"/>
                <nobr>
                 <a href="https://www.aquafair.de/index.php/cPath/43?osCsid=d608357305b12187b01c937a8456ed8d" nowrap="">
                  <img alt="" border="0" height="8" src="images/red_bullet.gif" width="8"/>
                  Filtermaterial &amp; Spezialfilter-&gt;
                 </a>
                </nobr>
                <br/>
                <hr noshade="" size="1"/>
                <nobr>
                 <a href="https://www.aquafair.de/index.php/cPath/44?osCsid=d608357305b12187b01c937a8456ed8d" nowrap="">
                  <img alt="" border="0" height="8" src="images/red_bullet.gif" width="8"/>
                  Baks, Elemente, Aminos &amp; Co-&gt;
                 </a>
                </nobr>
                <br/>
                <hr noshade="" size="1"/>
                <nobr>
                 <a href="https://www.aquafair.de/index.php/cPath/45?osCsid=d608357305b12187b01c937a8456ed8d" nowrap="">
                  <img alt="" border="0" height="8" src="images/red_bullet.gif" width="8"/>
                  AQUA-Reinsalze &amp; Co-&gt;
                 </a>
                </nobr>
                <br/>
                <hr noshade="" size="1"/>
                <nobr>
                 <a href="https://www.aquafair.de/index.php/cPath/198?osCsid=d608357305b12187b01c937a8456ed8d" nowrap="">
                  <img alt="" border="0" height="8" src="images/red_bullet.gif" width="8"/>
                  Diverse Futtersorten-&gt;
                 </a>
                </nobr>
                <br/>
                <hr noshade="" size="1"/>
                <nobr>
                 <a href="https://www.aquafair.de/index.php/cPath/223?osCsid=d608357305b12187b01c937a8456ed8d" nowrap="">
                  <img alt="" border="0" height="8" src="images/red_bullet.gif" width="8"/>
                  Heilmittel-&gt;
                 </a>
                </nobr>
                <br/>
                <hr noshade="" size="1"/>
                <nobr>
                 <a href="https://www.aquafair.de/index.php/cPath/46?osCsid=d608357305b12187b01c937a8456ed8d" nowrap="">
                  <img alt="" border="0" height="8" src="images/red_bullet.gif" width="8"/>
                  Zement &amp; Kleber-&gt;
                 </a>
                </nobr>
                <br/>
                <hr noshade="" size="1"/>
                <nobr>
                 <a href="https://www.aquafair.de/index.php/cPath/75?osCsid=d608357305b12187b01c937a8456ed8d" nowrap="">
                  <img alt="" border="0" height="8" src="images/red_bullet.gif" width="8"/>
                  Wasseranalyse-&gt;
                 </a>
                </nobr>
                <br/>
                <hr noshade="" size="1"/>
                <nobr>
                 <a href="https://www.aquafair.de/index.php/cPath/94?osCsid=d608357305b12187b01c937a8456ed8d" nowrap="">
                  <img alt="" border="0" height="8" src="images/red_bullet.gif" width="8"/>
                  Einrichtung-&gt;
                 </a>
                </nobr>
                <br/>
                <hr noshade="" size="1"/>
                <nobr>
                 <a href="https://www.aquafair.de/index.php/cPath/168?osCsid=d608357305b12187b01c937a8456ed8d" nowrap="">
                  <img alt="" border="0" height="8" src="images/red_bullet.gif" width="8"/>
                  Meersalz-&gt;
                 </a>
                </nobr>
                <br/>
                <hr noshade="" size="1"/>
                <nobr>
                 <a href="https://www.aquafair.de/index.php/cPath/90?osCsid=d608357305b12187b01c937a8456ed8d" nowrap="">
                  <img alt="" border="0" height="8" src="images/red_bullet.gif" width="8"/>
                  Technik-&gt;
                 </a>
                </nobr>
                <br/>
                <hr noshade="" size="1"/>
                <nobr>
                 <a href="https://www.aquafair.de/index.php/cPath/102?osCsid=d608357305b12187b01c937a8456ed8d" nowrap="">
                  <img alt="" border="0" height="8" src="images/red_bullet.gif" width="8"/>
                  Sonstiges Zubehör-&gt;
                 </a>
                </nobr>
                <br/>
                <hr noshade="" size="1"/>
                <nobr>
                 <a href="https://www.aquafair.de/index.php/cPath/74?osCsid=d608357305b12187b01c937a8456ed8d" nowrap="">
                  <img alt="" border="0" height="8" src="images/red_bullet.gif" width="8"/>
                  Süsswasser-&gt;
                 </a>
                </nobr>
                <br/>
                <hr noshade="" size="1"/>
                <nobr>
                 <a href="https://www.aquafair.de/index.php/cPath/103?osCsid=d608357305b12187b01c937a8456ed8d" nowrap="">
                  <img alt="" border="0" height="8" src="images/red_bullet.gif" width="8"/>
                  Schnäppchen &amp; Gebrauchtes
                 </a>
                </nobr>
                <br/>
               </td>
              </tr>
              <tr>
               <td>
                <img alt="" border="0" height="1" src="images/pixel_trans.gif" width="1"/>
               </td>
              </tr>
             </table>
            </td>
           </tr>
          </table>
         </td>
        </tr>
        <!-- categories_eof //-->
        <!-- whos_online 2.0 by Ingo (info@gamephisto.de) //-->
        <tr>
         <td>
          <table border="0" cellpadding="0" cellspacing="0" width="100%">
           <tr>
            <td class="infoBoxHeading" height="14">
             <img alt="" border="0" height="22" src="images/infobox/corner_left.gif" width="11"/>
            </td>
            <td class="infoBoxHeading" height="14" width="100%">
             Wer ist online?
            </td>
            <td class="infoBoxHeading" height="14" nowrap="">
             <img alt="" border="0" height="22" src="images/infobox/corner_right.gif" width="11"/>
            </td>
           </tr>
          </table>
          <table border="0" cellpadding="0" cellspacing="0" class="infoBox" width="100%">
           <tr>
            <td>
             <table border="0" cellpadding="3" cellspacing="0" class="infoBoxContents" width="100%">
              <tr>
               <td>
                <img alt="" border="0" height="1" src="images/pixel_trans.gif" width="1"/>
               </td>
              </tr>
              <tr>
               <td align="left" class="boxText">
                Zur Zeit sind  163 Gäste und
                <br/>
                1 Kunde online.
               </td>
              </tr>
              <tr>
               <td>
                <img alt="" border="0" height="1" src="images/pixel_trans.gif" width="1"/>
               </td>
              </tr>
             </table>
            </td>
           </tr>
          </table>
         </td>
        </tr>
        <!-- whos_online_eof //-->
        <!-- search //-->
        <tr>
         <td>
          <table border="0" cellpadding="0" cellspacing="0" width="100%">
           <tr>
            <td class="infoBoxHeading" height="14">
             <img alt="" border="0" height="22" src="images/infobox/corner_left.gif" width="11"/>
            </td>
            <td class="infoBoxHeading" height="14" width="100%">
             Schnellsuche
            </td>
            <td class="infoBoxHeading" height="14" nowrap="">
             <img alt="" border="0" height="22" src="images/infobox/corner_right.gif" width="11"/>
            </td>
           </tr>
          </table>
          <table border="0" cellpadding="0" cellspacing="0" class="infoBox" width="100%">
           <tr>
            <td>
             <table border="0" cellpadding="3" cellspacing="0" class="infoBoxContents" width="100%">
              <tr>
               <td>
                <img alt="" border="0" height="1" src="images/pixel_trans.gif" width="1"/>
               </td>
              </tr>
              <tr>
               <td align="left" class="boxText">
                <form action="https://www.aquafair.de/advanced_search_result.php" method="get" name="quick_find">
                 <input maxlength="30" name="keywords" size="20" style="width: -30px" type="text"/>
                 <input name="osCsid" type="hidden" value="d608357305b12187b01c937a8456ed8d"/>
                 <br/>
                 Verwenden Sie Stichworte, um ein Produkt zu finden.
                 <br/>
                 <a href="https://www.aquafair.de/advanced_search.php?osCsid=d608357305b12187b01c937a8456ed8d">
                  <b>
                   erweiterte Suche
                  </b>
                 </a>
                </form>
               </td>
              </tr>
              <tr>
               <td>
                <img alt="" border="0" height="1" src="images/pixel_trans.gif" width="1"/>
               </td>
              </tr>
             </table>
            </td>
           </tr>
          </table>
         </td>
        </tr>
        <!-- search_eof //-->
        <!-- manufacturers //-->
        <tr>
         <td>
          <table border="0" cellpadding="0" cellspacing="0" width="100%">
           <tr>
            <td class="infoBoxHeading" height="14">
             <img alt="" border="0" height="22" src="images/infobox/corner_left.gif" width="11"/>
            </td>
            <td class="infoBoxHeading" height="14" width="100%">
             Hersteller
            </td>
            <td class="infoBoxHeading" height="14" nowrap="">
             <img alt="" border="0" height="22" src="images/infobox/corner_right.gif" width="11"/>
            </td>
           </tr>
          </table>
          <table border="0" cellpadding="0" cellspacing="0" class="infoBox" width="100%">
           <tr>
            <td>
             <table border="0" cellpadding="3" cellspacing="0" class="infoBoxContents" width="100%">
              <tr>
               <td>
                <img alt="" border="0" height="1" src="images/pixel_trans.gif" width="1"/>
               </td>
              </tr>
              <tr>
               <td class="boxText">
                <form action="https://www.aquafair.de/index.php" method="get" name="manufacturers">
                 <select name="manufacturers_id" onchange="this.form.submit();" size="1" style="width: 100%">
                  <option selected="" value="">
                   Bitte wählen
                  </option>
                  <option value="99">
                   Abyzz
                  </option>
                  <option value="5">
                   Algae Free
                  </option>
                  <option value="81">
                   AMA
                  </option>
                  <option value="7">
                   aqua connect
                  </option>
                  <option value="9">
                   Aqua Light
                  </option>
                  <option value="10">
                   Aqua Medic
                  </option>
                  <option value="6">
                   aquabee
                  </option>
                  <option value="2">
                   AQUAfair
                  </option>
                  <option value="86">
                   Aquaforest
                  </option>
                  <option value="94">
                   AquaIlluminatio..
                  </option>
                  <option value="11">
                   AquaPerfekt
                  </option>
                  <option value="76">
                   Aquarium Münst..
                  </option>
                  <option value="55">
                   Aquatec
                  </option>
                  <option value="12">
                   AQUAVISIONEN
                  </option>
                  <option value="88">
                   ARKA
                  </option>
                  <option value="15">
                   ATI
                  </option>
                  <option value="61">
                   ATK
                  </option>
                  <option value="104">
                   AutoAqua
                  </option>
                  <option value="78">
                   Blue Life USA
                  </option>
                  <option value="17">
                   BLV
                  </option>
                  <option value="70">
                   Bubble-magus
                  </option>
                  <option value="18">
                   CaribSea
                  </option>
                  <option value="83">
                   Coral-Reef
                  </option>
                  <option value="64">
                   Coral-Shop
                  </option>
                  <option value="19">
                   coralsands
                  </option>
                  <option value="20">
                   Coralvue
                  </option>
                  <option value="72">
                   D-D The Aquariu..
                  </option>
                  <option value="98">
                   D-D The Aquariu..
                  </option>
                  <option value="21">
                   DE BARY
                  </option>
                  <option value="77">
                   Deltec
                  </option>
                  <option value="25">
                   DT's
                  </option>
                  <option value="95">
                   DVH AQUATIC
                  </option>
                  <option value="58">
                   Easy Blade
                  </option>
                  <option value="24">
                   Easy Life
                  </option>
                  <option value="97">
                   Easy Reefs
                  </option>
                  <option value="26">
                   EcoTech Marine
                  </option>
                  <option value="68">
                   Fauna Marin
                  </option>
                  <option value="80">
                   Flippercleaner
                  </option>
                  <option value="53">
                   Frostfutter
                  </option>
                  <option value="87">
                   Gavita
                  </option>
                  <option value="71">
                   GHL
                  </option>
                  <option value="90">
                   Giesemann
                  </option>
                  <option value="69">
                   H&amp;S
                  </option>
                  <option value="27">
                   Hanna
                  </option>
                  <option value="57">
                   Hobby
                  </option>
                  <option value="28">
                   hydor
                  </option>
                  <option value="29">
                   iks
                  </option>
                  <option value="31">
                   Jäger
                  </option>
                  <option value="102">
                   Jecod
                  </option>
                  <option value="32">
                   JoesJuice
                  </option>
                  <option value="101">
                   KAMOER
                  </option>
                  <option value="91">
                   Kessil
                  </option>
                  <option value="33">
                   Korallen-Zucht
                  </option>
                  <option value="79">
                   Korallenwelt
                  </option>
                  <option value="34">
                   Lumatek
                  </option>
                  <option value="56">
                   Mag Float
                  </option>
                  <option value="35">
                   Marine Enterpri..
                  </option>
                  <option value="66">
                   Maxspect
                  </option>
                  <option value="60">
                   Microbe-Lift
                  </option>
                  <option value="59">
                   Nature´s Ocean
                  </option>
                  <option value="36">
                   Nightsun
                  </option>
                  <option value="65">
                   Nyos
                  </option>
                  <option value="37">
                   Ocean Nutrition
                  </option>
                  <option value="3">
                   Omega One
                  </option>
                  <option value="38">
                   Pacific Garden ..
                  </option>
                  <option value="100">
                   Philips
                  </option>
                  <option value="73">
                   Planctonite
                  </option>
                  <option value="96">
                   PolypLab
                  </option>
                  <option value="52">
                   Preis Aquaristi..
                  </option>
                  <option value="39">
                   Prodibio
                  </option>
                  <option value="92">
                   PRS
                  </option>
                  <option value="40">
                   QFI
                  </option>
                  <option value="89">
                   Qium LYOX
                  </option>
                  <option value="93">
                   Real Reef Solut..
                  </option>
                  <option value="54">
                   Red Sea
                  </option>
                  <option value="74">
                   Reef Analytics ..
                  </option>
                  <option value="63">
                   Reef Interests
                  </option>
                  <option value="62">
                   Reef-Project
                  </option>
                  <option value="41">
                   ReefStar
                  </option>
                  <option value="103">
                   Rossmont
                  </option>
                  <option value="42">
                   ROWA
                  </option>
                  <option value="43">
                   Royal-Exclusiv
                  </option>
                  <option value="44">
                   SALIFERT
                  </option>
                  <option value="45">
                   Sander
                  </option>
                  <option value="75">
                   sangokai
                  </option>
                  <option value="46">
                   SpectraPure
                  </option>
                  <option value="67">
                   Terra Nova PRO
                  </option>
                  <option value="85">
                   Theiling
                  </option>
                  <option value="84">
                   Triton
                  </option>
                  <option value="47">
                   Tropic Marin
                  </option>
                  <option value="48">
                   TUNZE
                  </option>
                  <option value="82">
                   Vertex
                  </option>
                  <option value="50">
                   ZeroEdge Aquari..
                  </option>
                  <option value="51">
                   Zoobest
                  </option>
                 </select>
                 <input name="osCsid" type="hidden" value="d608357305b12187b01c937a8456ed8d"/>
                </form>
               </td>
              </tr>
              <tr>
               <td>
                <img alt="" border="0" height="1" src="images/pixel_trans.gif" width="1"/>
               </td>
              </tr>
             </table>
            </td>
           </tr>
          </table>
         </td>
        </tr>
        <!-- manufacturers_eof //-->
        <!-- info_pages //-->
        <tr>
         <td>
          <table border="0" cellpadding="0" cellspacing="0" width="100%">
           <tr>
            <td class="infoBoxHeading" height="14">
             <img alt="" border="0" height="22" src="images/infobox/corner_left.gif" width="11"/>
            </td>
            <td class="infoBoxHeading" height="14" width="100%">
             Information
            </td>
            <td class="infoBoxHeading" height="14" nowrap="">
             <img alt="" border="0" height="22" src="images/infobox/corner_right.gif" width="11"/>
            </td>
           </tr>
          </table>
          <table border="0" cellpadding="0" cellspacing="0" class="infoBox" width="100%">
           <tr>
            <td>
             <table border="0" cellpadding="3" cellspacing="0" class="infoBoxContents" width="100%">
              <tr>
               <td>
                <img alt="" border="0" height="1" src="images/pixel_trans.gif" width="1"/>
               </td>
              </tr>
              <tr>
               <td class="boxText">
                <table border="0" cellpadding="1" cellspacing="0" width="100%">
                 <tr>
                  <td class="boxText">
                   <a href="https://www.aquafair.de/conditions.php?osCsid=d608357305b12187b01c937a8456ed8d">
                    Unsere AGB
                   </a>
                  </td>
                 </tr>
                 <tr>
                  <td class="boxText">
                   <a href="https://www.aquafair.de/widerrufsrecht.php?osCsid=d608357305b12187b01c937a8456ed8d">
                    Widerrufsbelehrung
                   </a>
                  </td>
                 </tr>
                 <tr>
                  <td class="boxText">
                   <a href="https://www.aquafair.de/widerrufsformular.pdf?osCsid=d608357305b12187b01c937a8456ed8d" target="_blank">
                    Widerrufsformular
                   </a>
                  </td>
                 </tr>
                 <tr>
                  <td class="boxText">
                   <a href="https://www.aquafair.de/contact_us.php?osCsid=d608357305b12187b01c937a8456ed8d">
                    Kontakt
                   </a>
                  </td>
                 </tr>
                 <tr>
                  <td class="boxText">
                   <a href="https://www.aquafair.de/info_pages.php/pages_id/12?osCsid=d608357305b12187b01c937a8456ed8d" target="">
                    Impressum
                   </a>
                  </td>
                 </tr>
                 <tr>
                  <td class="boxText">
                   <a href="https://www.aquafair.de/info_pages.php/pages_id/21?osCsid=d608357305b12187b01c937a8456ed8d" target="">
                    Zahlung und Versand
                   </a>
                  </td>
                 </tr>
                 <tr>
                  <td class="boxText">
                   <a href="https://www.aquafair.de/info_pages.php/pages_id/8?osCsid=d608357305b12187b01c937a8456ed8d" target="">
                    Datenschutzerklärung
                   </a>
                  </td>
                 </tr>
                 <tr>
                  <td class="boxText">
                   <a href="https://www.aquafair.de/info_pages.php/pages_id/20?osCsid=d608357305b12187b01c937a8456ed8d" target="">
                    Hinweise zur Batterieentsorgung
                   </a>
                  </td>
                 </tr>
                 <tr>
                  <td class="boxText">
                   <a href="https://www.aquafair.de/info_pages.php/pages_id/19?osCsid=d608357305b12187b01c937a8456ed8d" target="">
                    Händlerpreisliste - dealer price list
                   </a>
                  </td>
                 </tr>
                 <tr>
                  <td class="boxText">
                   <a href="https://www.aquafair.de/info_pages.php/pages_id/13?osCsid=d608357305b12187b01c937a8456ed8d" target="">
                    Die Methode nach Hans-Werner Balling - Anwendungsempfehlung
                   </a>
                  </td>
                 </tr>
                 <tr>
                  <td class="boxText">
                   <a href="https://www.aquafair.de/info_pages.php/pages_id/14?osCsid=d608357305b12187b01c937a8456ed8d" target="">
                    AQUA-ZeoTon - Das effektive Filtermittel
                   </a>
                  </td>
                 </tr>
                 <tr>
                  <td class="boxText">
                   <a href="https://www.aquafair.de/info_pages.php/pages_id/16?osCsid=d608357305b12187b01c937a8456ed8d" target="">
                    AQUA-Phosphat-EX Al - Ein Erfahrungsbericht
                   </a>
                  </td>
                 </tr>
                 <tr>
                  <td class="boxText">
                   <a href="https://www.aquafair.de/info_pages.php/pages_id/17?osCsid=d608357305b12187b01c937a8456ed8d" target="">
                    AQUA-Reinsalze, Qualitätsnachweis mit Analysezertifikaten
                   </a>
                  </td>
                 </tr>
                </table>
               </td>
              </tr>
              <tr>
               <td>
                <img alt="" border="0" height="1" src="images/pixel_trans.gif" width="1"/>
               </td>
              </tr>
             </table>
            </td>
           </tr>
          </table>
         </td>
        </tr>
        <!-- info_pages_eof //-->
        <!-- information //-->
        <tr>
         <td>
          <table border="0" cellpadding="0" cellspacing="0" width="100%">
           <tr>
            <td class="infoBoxHeading" height="14">
             <img alt="" border="0" height="22" src="images/infobox/corner_left.gif" width="11"/>
            </td>
            <td class="infoBoxHeading" height="14" width="100%">
             Sicher bezahlen mit
            </td>
            <td class="infoBoxHeading" height="14" nowrap="">
             <img alt="" border="0" height="22" src="images/infobox/corner_right.gif" width="11"/>
            </td>
           </tr>
          </table>
          <table border="0" cellpadding="0" cellspacing="0" class="infoBox" width="100%">
           <tr>
            <td>
             <table border="0" cellpadding="3" cellspacing="0" class="infoBoxContents" width="100%">
              <tr>
               <td>
                <img alt="" border="0" height="1" src="images/pixel_trans.gif" width="1"/>
               </td>
              </tr>
              <tr>
               <td class="boxText">
                <a href="info_pages.php/pages_id/21">
                 <img alt="paymorrow Rechnungs und Ratenkauf" border="0" height="84" src="images/icons/paymorrow.png" width="200"/>
                </a>
                <a href="info_pages.php/pages_id/21">
                 <img alt="PayPal" border="0" height="82" src="images/icons/paypal_mittel.png" width="200"/>
                </a>
                <a href="info_pages.php/pages_id/21">
                 <img alt="Infos zum Versand" border="0" height="112" src="images/icons/gls-nachnahme.gif" width="200"/>
                </a>
                <a href="info_pages.php/pages_id/21">
                 <img alt="Infos zur Zahlart Nachnahme" border="0" height="22" src="images/icons/nachnahme.gif" width="200"/>
                </a>
                <a href="info_pages.php/pages_id/21">
                 <img alt="Vorkasse" border="0" height="73" src="images/icons/ssl.png" width="200"/>
                </a>
                <a href="info_pages.php/pages_id/21">
                 <img alt="Sofortüberweisung" border="0" height="238" src="images/icons/sofortueberweisung-gross.png" width="200"/>
                </a>
               </td>
              </tr>
              <tr>
               <td>
                <img alt="" border="0" height="1" src="images/pixel_trans.gif" width="1"/>
               </td>
              </tr>
             </table>
            </td>
           </tr>
          </table>
         </td>
        </tr>
        <!-- information_eof //-->
        <!-- information //-->
        <tr>
         <td>
          <table border="0" cellpadding="0" cellspacing="0" width="100%">
           <tr>
            <td class="infoBoxHeading" height="14">
             <img alt="" border="0" height="22" src="images/infobox/corner_left.gif" width="11"/>
            </td>
            <td class="infoBoxHeading" height="14" width="100%">
             Werbepartner
            </td>
            <td class="infoBoxHeading" height="14" nowrap="">
             <img alt="" border="0" height="22" src="images/infobox/corner_right.gif" width="11"/>
            </td>
           </tr>
          </table>
          <table border="0" cellpadding="0" cellspacing="0" class="infoBox" width="100%">
           <tr>
            <td>
             <table border="0" cellpadding="3" cellspacing="0" class="infoBoxContents" width="100%">
              <tr>
               <td>
                <img alt="" border="0" height="1" src="images/pixel_trans.gif" width="1"/>
               </td>
              </tr>
              <tr>
               <td class="boxText">
                <a href="http://www.clickfineon.de" target="_blank">
                 Suchmaschineneintrag &amp;
                </a>
                <br/>
                <a href="http://www.clickfineon.de" target="_blank">
                 Suchmaschinenoptimierung.
                </a>
               </td>
              </tr>
              <tr>
               <td>
                <img alt="" border="0" height="1" src="images/pixel_trans.gif" width="1"/>
               </td>
              </tr>
             </table>
            </td>
           </tr>
          </table>
         </td>
        </tr>
        <!-- information_eof //-->
        <!-- left_navigation_eof //-->
       </table>
      </td>
      <!-- body_text //-->
      <td valign="top" width="100%">
       <table border="0" cellpadding="0" cellspacing="0" width="100%">
        <tr>
         <td>
          <table border="0" cellpadding="0" cellspacing="0" width="100%">
           <tr>
            <td class="pageHeading">
            </td>
            <td align="right" class="pageHeading">
            </td>
           </tr>
          </table>
         </td>
        </tr>
        <tr>
         <td>
         </td>
        </tr>
        <tr>
         <td>
          <table border="0" cellpadding="0" cellspacing="0" width="100%">
           <tr>
            <td class="main">
             Herzlich Willkommen
             <span class="greetUser">
              Gast!
             </span>
             Möchten Sie sich
             <a href="https://www.aquafair.de/login.php?osCsid=d608357305b12187b01c937a8456ed8d">
              <u>
               anmelden
              </u>
             </a>
             ? Oder wollen Sie ein
             <a href="https://www.aquafair.de/create_account.php?osCsid=d608357305b12187b01c937a8456ed8d">
              <u>
               Kundenkonto
              </u>
             </a>
             eröffnen?
            </td>
           </tr>
           <tr>
            <td>
            </td>
           </tr>
           <tr>
            <td class="main">
             <p style="text-align: center;">
             </p>
             <p style="text-align: center;">
              <a href="https://www.aquafair.de/index.php/cPath/90_96_424_522">
               <img alt="Giesemann Stellar Hybrid Werbung" height="448" src="/userfiles/Stellar Mount 3.jpg" width="550"/>
              </a>
             </p>
             <p style="text-align: center;">
              <a href="info_pages.php/pages_id/19">
               <img alt="" border="0" height:="" src="https://www.ekiwi.de/free_service/button/button.php?&amp;hoehe=23&amp;breite=555&amp;bg1=FFFFFF&amp;bg2=FFFFFF&amp;colorborder=0066FF&amp;innerb1=FFFFFF&amp;innerb2=FFFFFF&amp;verlauf=1&amp;fontcenter=3&amp;font=Verdana&amp;size=10&amp;colorfont=000000&amp;shadow=false&amp;shadowcolor=EEEEEE&amp;textfield=H%C3%A4ndlerpreisliste,%20mehr%20Informationen%20hier%21%20Dealer%20price%20list,%20more%20information%20here%21" style="width:"/>
              </a>
             </p>
             <p style="text-align: center;">
             </p>
            </td>
           </tr>
           <tr>
            <td>
            </td>
           </tr>
           <tr>
            <td>
             <!-- featured_products //-->
             <table border="0" cellpadding="0" cellspacing="0" width="100%">
              <tr>
               <td class="infoBoxHeading" height="14">
                <img alt="" border="0" height="22" src="images/infobox/corner_left.gif" width="11"/>
               </td>
               <td class="infoBoxHeading" height="14" width="100%">
                <a class="headerNavigation" href="https://www.aquafair.de/featured_products.php?osCsid=d608357305b12187b01c937a8456ed8d">
                 Highlight`s
                </a>
               </td>
               <td class="infoBoxHeading" height="14">
                <img alt="" border="0" height="22" src="images/infobox/corner_right.gif" width="11"/>
               </td>
              </tr>
             </table>
             <table border="0" cellpadding="0" cellspacing="0" class="infoBox" width="100%">
              <tr>
               <td>
                <table border="0" cellpadding="0" cellspacing="0" class="infoBoxContents" width="100%">
                 <tr>
                  <td align="center" class="smallText" valign="top" width="33%">
                   <a href="https://www.aquafair.de/product_info.php/products_id/5638?osCsid=d608357305b12187b01c937a8456ed8d">
                    <img alt="Giesemann GEMINI marine Hybrid T5/LED 900 mm Irridium" border="0" height="150" src="images/Giesemann-Gemini-Bild-1-150x150.jpg" title=" Giesemann GEMINI marine Hybrid T5/LED 900 mm Irridium " width="150"/>
                   </a>
                   <br/>
                   <a href="https://www.aquafair.de/product_info.php/products_id/5638?osCsid=d608357305b12187b01c937a8456ed8d">
                    <h2 class="featured">
                     Giesemann GEMINI marine Hybrid T5/LED 900 mm Irridium
                    </h2>
                   </a>
                   899,00 EUR
                   <br/>
                   <div class="tax_info">
                    [inkl. 19% MwSt zzgl.
                    <a class="tax_info" href="https://www.aquafair.de/shipping.php?osCsid=d608357305b12187b01c937a8456ed8d">
                     <u>
                      Versandkosten.
                     </u>
                    </a>
                    ]
                   </div>
                   <br/>
                   Versandkostenfrei in DE!
                  </td>
                  <td align="center" class="smallText" valign="top" width="33%">
                   <a href="https://www.aquafair.de/product_info.php/products_id/5026?osCsid=d608357305b12187b01c937a8456ed8d">
                    <img alt="Giesemann SPHERA-Abdeckung 26Watt LED, 80x50cm, MARINE" border="0" height="150" src="images/Giesemann Sphera LED-150x150.jpg" title=" Giesemann SPHERA-Abdeckung 26Watt LED, 80x50cm, MARINE " width="150"/>
                   </a>
                   <br/>
                   <a href="https://www.aquafair.de/product_info.php/products_id/5026?osCsid=d608357305b12187b01c937a8456ed8d">
                    <h2 class="featured">
                     Giesemann SPHERA-Abdeckung 26Watt LED, 80x50cm, MARINE
                    </h2>
                   </a>
                   269,00 EUR
                   <br/>
                   <div class="tax_info">
                    [inkl. 19% MwSt zzgl.
                    <a class="tax_info" href="https://www.aquafair.de/shipping.php?osCsid=d608357305b12187b01c937a8456ed8d">
                     <u>
                      Versandkosten.
                     </u>
                    </a>
                    ]
                   </div>
                   <br/>
                   Versandkostenfrei in DE!
                  </td>
                  <td align="center" class="smallText" valign="top" width="33%">
                   <a href="https://www.aquafair.de/product_info.php/products_id/4763?osCsid=d608357305b12187b01c937a8456ed8d">
                    <img alt="Giesemann POWERCHROME T5 aquablue-coral, 54 Watt, 1150 mm" border="0" height="150" src="images/Giesemann T 5 aquablue coral-150x150.jpg" title=" Giesemann POWERCHROME T5 aquablue-coral, 54 Watt, 1150 mm " width="150"/>
                   </a>
                   <br/>
                   <a href="https://www.aquafair.de/product_info.php/products_id/4763?osCsid=d608357305b12187b01c937a8456ed8d">
                    <h2 class="featured">
                     Giesemann POWERCHROME T5 aquablue-coral, 54 Watt, 1150 mm
                    </h2>
                   </a>
                   18,90 EUR
                   <br/>
                   <div class="tax_info">
                    [inkl. 19% MwSt zzgl.
                    <a class="tax_info" href="https://www.aquafair.de/shipping.php?osCsid=d608357305b12187b01c937a8456ed8d">
                     <u>
                      Versandkosten.
                     </u>
                    </a>
                    ]
                   </div>
                   <br/>
                  </td>
                 </tr>
                 <tr>
                  <td align="center" class="smallText" valign="top" width="33%">
                   <a href="https://www.aquafair.de/product_info.php/products_id/5545?osCsid=d608357305b12187b01c937a8456ed8d">
                    <img alt="AutoAqua Smart AWC - Auto Water Change (SAWC-200P)" border="0" height="150" src="images/AutoAqua Smart AWC-150x150.jpg" title=" AutoAqua Smart AWC - Auto Water Change (SAWC-200P) " width="150"/>
                   </a>
                   <br/>
                   <a href="https://www.aquafair.de/product_info.php/products_id/5545?osCsid=d608357305b12187b01c937a8456ed8d">
                    <h2 class="featured">
                     AutoAqua Smart AWC - Auto Water Change (SAWC-200P)
                    </h2>
                   </a>
                   249,00 EUR
                   <br/>
                   <div class="tax_info">
                    [inkl. 19% MwSt zzgl.
                    <a class="tax_info" href="https://www.aquafair.de/shipping.php?osCsid=d608357305b12187b01c937a8456ed8d">
                     <u>
                      Versandkosten.
                     </u>
                    </a>
                    ]
                   </div>
                   <br/>
                   Versandkostenfrei in DE!
                  </td>
                  <td align="center" class="smallText" valign="top" width="33%">
                   <a href="https://www.aquafair.de/product_info.php/products_id/3741?osCsid=d608357305b12187b01c937a8456ed8d">
                    <img alt="Vertex Umkehrosmoseanlage PURATEK DELUXE 100 RO/DI" border="0" height="150" src="images/PURATEK DELUXE 100 RO DI-150x150.jpg" title=" Vertex Umkehrosmoseanlage PURATEK DELUXE 100 RO/DI " width="150"/>
                   </a>
                   <br/>
                   <a href="https://www.aquafair.de/product_info.php/products_id/3741?osCsid=d608357305b12187b01c937a8456ed8d">
                    <h2 class="featured">
                     Vertex Umkehrosmoseanlage PURATEK DELUXE 100 RO/DI
                    </h2>
                   </a>
                   379,99 EUR
                   <br/>
                   <div class="tax_info">
                    [inkl. 19% MwSt zzgl.
                    <a class="tax_info" href="https://www.aquafair.de/shipping.php?osCsid=d608357305b12187b01c937a8456ed8d">
                     <u>
                      Versandkosten.
                     </u>
                    </a>
                    ]
                   </div>
                   <br/>
                   Versandkostenfrei in DE!
                  </td>
                  <td align="center" class="smallText" valign="top" width="33%">
                   <a href="https://www.aquafair.de/product_info.php/products_id/954?osCsid=d608357305b12187b01c937a8456ed8d">
                    <img alt="AQUA-Phosphat-EX Al, 1000 g, Dose" border="0" height="150" src="images/PhosEX_Al_1-150x150.jpg" title=" AQUA-Phosphat-EX Al, 1000 g, Dose " width="150"/>
                   </a>
                   <br/>
                   <a href="https://www.aquafair.de/product_info.php/products_id/954?osCsid=d608357305b12187b01c937a8456ed8d">
                    <h2 class="featured">
                     AQUA-Phosphat-EX Al, 1000 g, Dose
                    </h2>
                   </a>
                   25,00 EUR
                   <br/>
                   <div class="tax_info">
                    [inkl. 19% MwSt zzgl.
                    <a class="tax_info" href="https://www.aquafair.de/shipping.php?osCsid=d608357305b12187b01c937a8456ed8d">
                     <u>
                      Versandkosten.
                     </u>
                    </a>
                    ]
                   </div>
                   <br/>
                   Grundpreis: 25,- €/kg
                  </td>
                 </tr>
                </table>
               </td>
              </tr>
             </table>
             <!-- featured_products_eof //-->
            </td>
           </tr>
           <tr>
            <td>
             <!-- new_products //-->
             <table border="0" cellpadding="0" cellspacing="0" width="100%">
              <tr>
               <td class="infoBoxHeading" height="14">
                <img alt="" border="0" height="22" src="images/infobox/corner_left.gif" width="11"/>
               </td>
               <td class="infoBoxHeading" height="14" width="100%">
                Neue Produkte im August
               </td>
               <td class="infoBoxHeading" height="14">
                <img alt="" border="0" height="22" src="images/infobox/corner_right.gif" width="11"/>
               </td>
              </tr>
             </table>
             <table border="0" cellpadding="0" cellspacing="0" class="infoBox" width="100%">
              <tr>
               <td>
                <table border="0" cellpadding="0" cellspacing="0" class="infoBoxContents" width="100%">
                 <tr>
                  <td align="center" class="smallText" valign="top" width="33%">
                   <a href="https://www.aquafair.de/product_info.php/products_id/5684?osCsid=d608357305b12187b01c937a8456ed8d">
                    <img alt="Silikonschlauch 40/50 mm, milchig transparent, 1 m" border="0" height="150" src="images/Silikonschaeuche 5-150x150.jpg" title=" Silikonschlauch 40/50 mm, milchig transparent, 1 m " width="150"/>
                   </a>
                   <br/>
                   <a href="https://www.aquafair.de/product_info.php/products_id/5684?osCsid=d608357305b12187b01c937a8456ed8d">
                    <h2 class="featured">
                     Silikonschlauch 40/50 mm, milchig transparent, 1 m
                    </h2>
                   </a>
                   49,00 EUR
                   <br/>
                   <div class="tax_info">
                    [inkl. 19% MwSt zzgl.
                    <a class="tax_info" href="https://www.aquafair.de/shipping.php?osCsid=d608357305b12187b01c937a8456ed8d">
                     <u>
                      Versandkosten.
                     </u>
                    </a>
                    ]
                   </div>
                   <br/>
                   Preis pro Meter
                  </td>
                  <td align="center" class="smallText" valign="top" width="33%">
                   <a href="https://www.aquafair.de/product_info.php/products_id/5683?osCsid=d608357305b12187b01c937a8456ed8d">
                    <img alt="Red Sea Filter Media Cup Filtermedienbecher (R42177)" border="0" height="150" src="images/Red Sea Media Cup-150x150.jpg" title=" Red Sea Filter Media Cup Filtermedienbecher (R42177) " width="150"/>
                   </a>
                   <br/>
                   <a href="https://www.aquafair.de/product_info.php/products_id/5683?osCsid=d608357305b12187b01c937a8456ed8d">
                    <h2 class="featured">
                     Red Sea Filter Media Cup Filtermedienbecher (R42177)
                    </h2>
                   </a>
                   17,95 EUR
                   <br/>
                   <div class="tax_info">
                    [inkl. 19% MwSt zzgl.
                    <a class="tax_info" href="https://www.aquafair.de/shipping.php?osCsid=d608357305b12187b01c937a8456ed8d">
                     <u>
                      Versandkosten.
                     </u>
                    </a>
                    ]
                   </div>
                   <br/>
                  </td>
                  <td align="center" class="smallText" valign="top" width="33%">
                   <a href="https://www.aquafair.de/product_info.php/products_id/5682?osCsid=d608357305b12187b01c937a8456ed8d">
                    <img alt="Aqua Medic ph monitor" border="0" height="150" src="images/Aqua Medic pH monitor-150x150.jpg" title=" Aqua Medic ph monitor " width="150"/>
                   </a>
                   <br/>
                   <a href="https://www.aquafair.de/product_info.php/products_id/5682?osCsid=d608357305b12187b01c937a8456ed8d">
                    <h2 class="featured">
                     Aqua Medic ph monitor
                    </h2>
                   </a>
                   99,00 EUR
                   <br/>
                   <div class="tax_info">
                    [inkl. 19% MwSt zzgl.
                    <a class="tax_info" href="https://www.aquafair.de/shipping.php?osCsid=d608357305b12187b01c937a8456ed8d">
                     <u>
                      Versandkosten.
                     </u>
                    </a>
                    ]
                   </div>
                   <br/>
                   Keine Versandkosten in DE
                  </td>
                 </tr>
                 <tr>
                  <td align="center" class="smallText" valign="top" width="33%">
                   <a href="https://www.aquafair.de/product_info.php/products_id/5681?osCsid=d608357305b12187b01c937a8456ed8d">
                    <img alt="Bubble Magus Automatik Vliesfilter ARF-1" border="0" height="150" src="images/BM ARF1 4-150x150.jpg" title=" Bubble Magus Automatik Vliesfilter ARF-1 " width="150"/>
                   </a>
                   <br/>
                   <a href="https://www.aquafair.de/product_info.php/products_id/5681?osCsid=d608357305b12187b01c937a8456ed8d">
                    <h2 class="featured">
                     Bubble Magus Automatik Vliesfilter ARF-1
                    </h2>
                   </a>
                   219,90 EUR
                   <br/>
                   <div class="tax_info">
                    [inkl. 19% MwSt zzgl.
                    <a class="tax_info" href="https://www.aquafair.de/shipping.php?osCsid=d608357305b12187b01c937a8456ed8d">
                     <u>
                      Versandkosten.
                     </u>
                    </a>
                    ]
                   </div>
                   <br/>
                   Versandkostenfrei in DE!
                  </td>
                  <td align="center" class="smallText" valign="top" width="33%">
                   <a href="https://www.aquafair.de/product_info.php/products_id/5680?osCsid=d608357305b12187b01c937a8456ed8d">
                    <img alt="Fauna Marin ReBiotic 100% Natural Bakterien 500 g (1000 ml)" border="0" height="150" src="images/Fauna Marin Natural Rebiotic 500 ml-150x150.jpg" title=" Fauna Marin ReBiotic 100% Natural Bakterien 500 g (1000 ml) " width="150"/>
                   </a>
                   <br/>
                   <a href="https://www.aquafair.de/product_info.php/products_id/5680?osCsid=d608357305b12187b01c937a8456ed8d">
                    <h2 class="featured">
                     Fauna Marin ReBiotic 100% Natural Bakterien 500 g (1000 ml)
                    </h2>
                   </a>
                   164,95 EUR
                   <br/>
                   <div class="tax_info">
                    [inkl. 19% MwSt zzgl.
                    <a class="tax_info" href="https://www.aquafair.de/shipping.php?osCsid=d608357305b12187b01c937a8456ed8d">
                     <u>
                      Versandkosten.
                     </u>
                    </a>
                    ]
                   </div>
                   <br/>
                   Grundpreis: 329,90 €/kg
                  </td>
                  <td align="center" class="smallText" valign="top" width="33%">
                   <a href="https://www.aquafair.de/product_info.php/products_id/5679?osCsid=d608357305b12187b01c937a8456ed8d">
                    <img alt="Fauna Marin ReBiotic 100% Natural Bakterien 250 g (500 ml)" border="0" height="150" src="images/Fauna Marin Natural Rebiotic 500 ml-150x150.jpg" title=" Fauna Marin ReBiotic 100% Natural Bakterien 250 g (500 ml) " width="150"/>
                   </a>
                   <br/>
                   <a href="https://www.aquafair.de/product_info.php/products_id/5679?osCsid=d608357305b12187b01c937a8456ed8d">
                    <h2 class="featured">
                     Fauna Marin ReBiotic 100% Natural Bakterien 250 g (500 ml)
                    </h2>
                   </a>
                   114,95 EUR
                   <br/>
                   <div class="tax_info">
                    [inkl. 19% MwSt zzgl.
                    <a class="tax_info" href="https://www.aquafair.de/shipping.php?osCsid=d608357305b12187b01c937a8456ed8d">
                     <u>
                      Versandkosten.
                     </u>
                    </a>
                    ]
                   </div>
                   <br/>
                   Grundpreis: 45,98 €/100 g
                  </td>
                 </tr>
                 <tr>
                  <td align="center" class="smallText" valign="top" width="33%">
                   <a href="https://www.aquafair.de/product_info.php/products_id/5678?osCsid=d608357305b12187b01c937a8456ed8d">
                    <img alt="Fauna Marin ReBiotic 100% Natural Bakterien 125 g (250 ml)" border="0" height="150" src="images/Fauna Marin Natural Rebiotic 250 ml-150x150.jpg" title=" Fauna Marin ReBiotic 100% Natural Bakterien 125 g (250 ml) " width="150"/>
                   </a>
                   <br/>
                   <a href="https://www.aquafair.de/product_info.php/products_id/5678?osCsid=d608357305b12187b01c937a8456ed8d">
                    <h2 class="featured">
                     Fauna Marin ReBiotic 100% Natural Bakterien 125 g (250 ml)
                    </h2>
                   </a>
                   64,95 EUR
                   <br/>
                   <div class="tax_info">
                    [inkl. 19% MwSt zzgl.
                    <a class="tax_info" href="https://www.aquafair.de/shipping.php?osCsid=d608357305b12187b01c937a8456ed8d">
                     <u>
                      Versandkosten.
                     </u>
                    </a>
                    ]
                   </div>
                   <br/>
                   Grundpreis: 51,96 €/100 g
                  </td>
                  <td align="center" class="smallText" valign="top" width="33%">
                   <a href="https://www.aquafair.de/product_info.php/products_id/5677?osCsid=d608357305b12187b01c937a8456ed8d">
                    <img alt="Fauna Marin ReBiotic 100% Natural Bakterien 50 g (100 ml)" border="0" height="150" src="images/Fauna Marin Natural Rebiotic 100 ml-150x150.jpg" title=" Fauna Marin ReBiotic 100% Natural Bakterien 50 g (100 ml) " width="150"/>
                   </a>
                   <br/>
                   <a href="https://www.aquafair.de/product_info.php/products_id/5677?osCsid=d608357305b12187b01c937a8456ed8d">
                    <h2 class="featured">
                     Fauna Marin ReBiotic 100% Natural Bakterien 50 g (100 ml)
                    </h2>
                   </a>
                   29,95 EUR
                   <br/>
                   <div class="tax_info">
                    [inkl. 19% MwSt zzgl.
                    <a class="tax_info" href="https://www.aquafair.de/shipping.php?osCsid=d608357305b12187b01c937a8456ed8d">
                     <u>
                      Versandkosten.
                     </u>
                    </a>
                    ]
                   </div>
                   <br/>
                   Grundpreis: 59,90 €/100 g
                  </td>
                  <td align="center" class="smallText" valign="top" width="33%">
                   <a href="https://www.aquafair.de/product_info.php/products_id/5676?osCsid=d608357305b12187b01c937a8456ed8d">
                    <img alt="Theiling Rollermat Compact I Filtervlies 3er Set (3051100212)" border="0" height="150" src="images/Th  3 Filterolle-150x150.jpg" title=" Theiling Rollermat Compact I Filtervlies 3er Set (3051100212) " width="150"/>
                   </a>
                   <br/>
                   <a href="https://www.aquafair.de/product_info.php/products_id/5676?osCsid=d608357305b12187b01c937a8456ed8d">
                    <h2 class="featured">
                     Theiling Rollermat Compact I Filtervlies 3er Set (3051100212)
                    </h2>
                   </a>
                   35,80 EUR
                   <br/>
                   <div class="tax_info">
                    [inkl. 19% MwSt zzgl.
                    <a class="tax_info" href="https://www.aquafair.de/shipping.php?osCsid=d608357305b12187b01c937a8456ed8d">
                     <u>
                      Versandkosten.
                     </u>
                    </a>
                    ]
                   </div>
                   <br/>
                   Grundpreis: 0,60 €/m
                  </td>
                 </tr>
                </table>
               </td>
              </tr>
             </table>
             <!-- new_products_eof //-->
            </td>
           </tr>
          </table>
         </td>
        </tr>
       </table>
      </td>
      <!-- body_text_eof //-->
      <td valign="top" width="180">
       <table border="0" cellpadding="2" cellspacing="0" width="180">
        <!-- right_navigation //-->
        <!-- shopping_cart //-->
        <tr>
         <td>
          <table border="0" cellpadding="0" cellspacing="0" width="100%">
           <tr>
            <td class="infoBoxHeading" height="14">
             <img alt="" border="0" height="22" src="images/infobox/corner_left.gif" width="11"/>
            </td>
            <td class="infoBoxHeading" height="14" width="100%">
             Warenkorb
            </td>
            <td class="infoBoxHeading" height="14" nowrap="">
             <a href="https://www.aquafair.de/shopping_cart.php?osCsid=d608357305b12187b01c937a8456ed8d">
              <img alt="Zeige mehr" border="0" height="20" src="images/infobox/arrow_right.gif" title=" Zeige mehr " width="12"/>
             </a>
             <img alt="" border="0" height="22" src="images/infobox/corner_right.gif" width="11"/>
            </td>
           </tr>
          </table>
          <table border="0" cellpadding="0" cellspacing="0" class="infoBox" width="100%">
           <tr>
            <td>
             <table border="0" cellpadding="3" cellspacing="0" class="infoBoxContents" width="100%">
              <tr>
               <td>
                <img alt="" border="0" height="1" src="images/pixel_trans.gif" width="1"/>
               </td>
              </tr>
              <tr>
               <td class="boxText">
                0 Produkte
               </td>
              </tr>
              <tr>
               <td>
                <img alt="" border="0" height="1" src="images/pixel_trans.gif" width="1"/>
               </td>
              </tr>
             </table>
            </td>
           </tr>
          </table>
         </td>
        </tr>
        <!-- shopping_cart_eof //-->
        <!-- information //-->
        <tr>
         <td>
          <table border="0" cellpadding="0" cellspacing="0" width="100%">
           <tr>
            <td class="infoBoxHeading" height="14">
             <img alt="" border="0" height="22" src="images/infobox/corner_left.gif" width="11"/>
            </td>
            <td class="infoBoxHeading" height="14" width="100%">
             Preisauszeichnung
            </td>
            <td class="infoBoxHeading" height="14" nowrap="">
             <img alt="" border="0" height="22" src="images/infobox/corner_right.gif" width="11"/>
            </td>
           </tr>
          </table>
          <table border="0" cellpadding="0" cellspacing="0" class="infoBox" width="100%">
           <tr>
            <td>
             <table border="0" cellpadding="3" cellspacing="0" class="infoBoxContents" width="100%">
              <tr>
               <td>
                <img alt="" border="0" height="1" src="images/pixel_trans.gif" width="1"/>
               </td>
              </tr>
              <tr>
               <td class="boxText">
                <a href="shipping.php">
                 Preise inkl. Mehrwertsteuer.
                 <br/>
                 Zuzüglich Versandkosten
                </a>
               </td>
              </tr>
              <tr>
               <td>
                <img alt="" border="0" height="1" src="images/pixel_trans.gif" width="1"/>
               </td>
              </tr>
             </table>
            </td>
           </tr>
          </table>
         </td>
        </tr>
        <!-- information_eof //-->
        <!-- information //-->
        <tr>
         <td>
          <table border="0" cellpadding="0" cellspacing="0" width="100%">
           <tr>
            <td class="infoBoxHeading" height="14">
             <img alt="" border="0" height="22" src="images/infobox/corner_left.gif" width="11"/>
            </td>
            <td class="infoBoxHeading" height="14" width="100%">
             Tax Free
            </td>
            <td class="infoBoxHeading" height="14" nowrap="">
             <img alt="" border="0" height="22" src="images/infobox/corner_right.gif" width="11"/>
            </td>
           </tr>
          </table>
          <table border="0" cellpadding="0" cellspacing="0" class="infoBox" width="100%">
           <tr>
            <td>
             <table border="0" cellpadding="3" cellspacing="0" class="infoBoxContents" width="100%">
              <tr>
               <td>
                <img alt="" border="0" height="1" src="images/pixel_trans.gif" width="1"/>
               </td>
              </tr>
              <tr>
               <td align="center" class="boxText">
                <a href="info_pages.php/pages_id/21">
                 <img alt="Tax Free" border="0" height="90" src="images/eigene_bilder/steuerfr-180.png" width="180"/>
                </a>
               </td>
              </tr>
              <tr>
               <td>
                <img alt="" border="0" height="1" src="images/pixel_trans.gif" width="1"/>
               </td>
              </tr>
             </table>
            </td>
           </tr>
          </table>
         </td>
        </tr>
        <!-- information_eof //-->
        <!-- whats_new //-->
        <tr>
         <td>
          <table border="0" cellpadding="0" cellspacing="0" width="100%">
           <tr>
            <td class="infoBoxHeading" height="14">
             <img alt="" border="0" height="22" src="images/infobox/corner_left.gif" width="11"/>
            </td>
            <td class="infoBoxHeading" height="14" width="100%">
             Neue Produkte
            </td>
            <td class="infoBoxHeading" height="14" nowrap="">
             <a href="https://www.aquafair.de/products_new.php?osCsid=d608357305b12187b01c937a8456ed8d">
              <img alt="Zeige mehr" border="0" height="20" src="images/infobox/arrow_right.gif" title=" Zeige mehr " width="12"/>
             </a>
             <img alt="" border="0" height="22" src="images/infobox/corner_right.gif" width="11"/>
            </td>
           </tr>
          </table>
          <table border="0" cellpadding="0" cellspacing="0" class="infoBox" width="100%">
           <tr>
            <td>
             <table border="0" cellpadding="3" cellspacing="0" class="infoBoxContents" width="100%">
              <tr>
               <td>
                <img alt="" border="0" height="1" src="images/pixel_trans.gif" width="1"/>
               </td>
              </tr>
              <tr>
               <td align="center" class="boxText">
                <a href="https://www.aquafair.de/product_info.php/products_id/5683?osCsid=d608357305b12187b01c937a8456ed8d">
                 <img alt="Red Sea Filter Media Cup Filtermedienbecher (R42177)" border="0" height="150" src="images/Red Sea Media Cup-150x150.jpg" title=" Red Sea Filter Media Cup Filtermedienbecher (R42177) " width="150"/>
                </a>
                <br/>
                <a href="https://www.aquafair.de/product_info.php/products_id/5683?osCsid=d608357305b12187b01c937a8456ed8d">
                 Red Sea Filter Media Cup Filtermedienbecher (R42177)
                </a>
                <br/>
                17,95 EUR
                <br/>
                <div class="tax_info">
                 [inkl. 19% MwSt zzgl.
                 <a class="tax_info" href="https://www.aquafair.de/shipping.php?osCsid=d608357305b12187b01c937a8456ed8d">
                  <u>
                   Versandkosten.
                  </u>
                 </a>
                 ]
                </div>
                <br/>
                <br/>
               </td>
              </tr>
              <tr>
               <td>
                <img alt="" border="0" height="1" src="images/pixel_trans.gif" width="1"/>
               </td>
              </tr>
             </table>
            </td>
           </tr>
          </table>
         </td>
        </tr>
        <!-- whats_new_eof //-->
        <!-- specials //-->
        <tr>
         <td>
          <table border="0" cellpadding="0" cellspacing="0" width="100%">
           <tr>
            <td class="infoBoxHeading" height="14">
             <img alt="" border="0" height="22" src="images/infobox/corner_left.gif" width="11"/>
            </td>
            <td class="infoBoxHeading" height="14" width="100%">
             Angebote
            </td>
            <td class="infoBoxHeading" height="14" nowrap="">
             <a href="https://www.aquafair.de/specials.php?osCsid=d608357305b12187b01c937a8456ed8d">
              <img alt="Zeige mehr" border="0" height="20" src="images/infobox/arrow_right.gif" title=" Zeige mehr " width="12"/>
             </a>
             <img alt="" border="0" height="22" src="images/infobox/corner_right.gif" width="11"/>
            </td>
           </tr>
          </table>
          <table border="0" cellpadding="0" cellspacing="0" class="infoBox" width="100%">
           <tr>
            <td>
             <table border="0" cellpadding="3" cellspacing="0" class="infoBoxContents" width="100%">
              <tr>
               <td>
                <img alt="" border="0" height="1" src="images/pixel_trans.gif" width="1"/>
               </td>
              </tr>
              <tr>
               <td align="center" class="boxText">
                <marquee class="ticker" direction="up" height="180" onmouseout="this.start()" onmouseover="this.stop()" scrollamount="2" width="100%">
                 <center>
                  <a href="https://www.aquafair.de/product_info.php/products_id/5391?osCsid=d608357305b12187b01c937a8456ed8d">
                   <img alt="ATI Hybrid LED-Powermodul 6x24 Watt T5+1x75 Watt LED" border="0" height="150" src="images/ATI_LED_PM_Mont2-150x150.jpg" title=" ATI Hybrid LED-Powermodul 6x24 Watt T5+1x75 Watt LED " width="150"/>
                  </a>
                  <br/>
                  <a href="https://www.aquafair.de/product_info.php/products_id/5391?osCsid=d608357305b12187b01c937a8456ed8d">
                   ATI Hybrid LED-Powermodul 6x24 Watt T5+1x75 Watt LED
                  </a>
                  <br/>
                  Ehemaliger Verkäuferpreis
                  <s>
                   949,00 EUR
                  </s>
                  <br/>
                  jetzt nur
                  <span class="productSpecialPrice">
                   859,90 EUR
                   <br/>
                   <div class="tax_info">
                    [inkl. 19% MwSt zzgl.
                    <a class="tax_info" href="https://www.aquafair.de/shipping.php?osCsid=d608357305b12187b01c937a8456ed8d">
                     <u>
                      Versandkosten.
                     </u>
                    </a>
                    ]
                   </div>
                   Neue Version mit WIFI!
                   <br/>
                  </span>
                  <br/>
                  <center>
                   <a href="https://www.aquafair.de/product_info.php/products_id/3361?osCsid=d608357305b12187b01c937a8456ed8d">
                    <img alt="Deltec SC 2060 + CSM 2060 Reinigungssystem" border="0" height="150" src="images/sc260-150x150.jpg" title=" Deltec SC 2060 + CSM 2060 Reinigungssystem " width="150"/>
                   </a>
                   <br/>
                   <a href="https://www.aquafair.de/product_info.php/products_id/3361?osCsid=d608357305b12187b01c937a8456ed8d">
                    Deltec SC 2060 + CSM 2060 Reinigungssystem
                   </a>
                   <br/>
                   Ehemaliger Verkäuferpreis
                   <s>
                    849,00 EUR
                   </s>
                   <br/>
                   jetzt nur
                   <span class="productSpecialPrice">
                    799,00 EUR
                    <br/>
                    <div class="tax_info">
                     [inkl. 19% MwSt zzgl.
                     <a class="tax_info" href="https://www.aquafair.de/shipping.php?osCsid=d608357305b12187b01c937a8456ed8d">
                      <u>
                       Versandkosten.
                      </u>
                     </a>
                     ]
                    </div>
                    Versandkostenfrei in DE
                    <br/>
                   </span>
                   <br/>
                   <center>
                    <a href="https://www.aquafair.de/product_info.php/products_id/3810?osCsid=d608357305b12187b01c937a8456ed8d">
                     <img alt="AquaLight Dosierpumpe SD-01M programmierbar / 1-99ml/Impuls" border="0" height="150" src="images/Aqua light Dosierpumpe SD-01M-150x150.jpg" title=" AquaLight Dosierpumpe SD-01M programmierbar / 1-99ml/Impuls " width="150"/>
                    </a>
                    <br/>
                    <a href="https://www.aquafair.de/product_info.php/products_id/3810?osCsid=d608357305b12187b01c937a8456ed8d">
                     AquaLight Dosierpumpe SD-01M programmierbar / 1-99ml/Impuls
                    </a>
                    <br/>
                    Ehemaliger Verkäuferpreis
                    <s>
                     89,50 EUR
                    </s>
                    <br/>
                    jetzt nur
                    <span class="productSpecialPrice">
                     67,13 EUR
                     <br/>
                     <div class="tax_info">
                      [inkl. 19% MwSt zzgl.
                      <a class="tax_info" href="https://www.aquafair.de/shipping.php?osCsid=d608357305b12187b01c937a8456ed8d">
                       <u>
                        Versandkosten.
                       </u>
                      </a>
                      ]
                     </div>
                     <br/>
                    </span>
                    <br/>
                    <center>
                     <a href="https://www.aquafair.de/product_info.php/products_id/3786?osCsid=d608357305b12187b01c937a8456ed8d">
                      <img alt="Coral-Reef Exclusiv Natursalz, 7 kg, Eimer" border="0" height="150" src="images/Meersalz 7 kg exclusiv A6-150x150.jpg" title=" Coral-Reef Exclusiv Natursalz, 7 kg, Eimer " width="150"/>
                     </a>
                     <br/>
                     <a href="https://www.aquafair.de/product_info.php/products_id/3786?osCsid=d608357305b12187b01c937a8456ed8d">
                      Coral-Reef Exclusiv Natursalz, 7 kg, Eimer
                     </a>
                     <br/>
                     Ehemaliger Verkäuferpreis
                     <s>
                      24,95 EUR
                     </s>
                     <br/>
                     jetzt nur
                     <span class="productSpecialPrice">
                      21,21 EUR
                      <br/>
                      <div class="tax_info">
                       [inkl. 19% MwSt zzgl.
                       <a class="tax_info" href="https://www.aquafair.de/shipping.php?osCsid=d608357305b12187b01c937a8456ed8d">
                        <u>
                         Versandkosten.
                        </u>
                       </a>
                       ]
                      </div>
                      Grundpreis: 3,03 €/kg
                      <br/>
                     </span>
                     <br/>
                     <center>
                      <a href="https://www.aquafair.de/product_info.php/products_id/4143?osCsid=d608357305b12187b01c937a8456ed8d">
                       <img alt="Aqua Medic spectrus 90, LED Aquarienleuchte" border="0" height="150" src="images/Aqua Medic spectrus Montage-150x150.jpg" title=" Aqua Medic spectrus 90, LED Aquarienleuchte " width="150"/>
                      </a>
                      <br/>
                      <a href="https://www.aquafair.de/product_info.php/products_id/4143?osCsid=d608357305b12187b01c937a8456ed8d">
                       Aqua Medic spectrus 90, LED Aquarienleuchte
                      </a>
                      <br/>
                      Ehemaliger Verkäuferpreis
                      <s>
                       944,00 EUR
                      </s>
                      <br/>
                      jetzt nur
                      <span class="productSpecialPrice">
                       799,00 EUR
                       <br/>
                       <div class="tax_info">
                        [inkl. 19% MwSt zzgl.
                        <a class="tax_info" href="https://www.aquafair.de/shipping.php?osCsid=d608357305b12187b01c937a8456ed8d">
                         <u>
                          Versandkosten.
                         </u>
                        </a>
                        ]
                       </div>
                       Versandkostenfrei in DE!
                       <br/>
                      </span>
                      <br/>
                      <center>
                       <a href="https://www.aquafair.de/product_info.php/products_id/3447?osCsid=d608357305b12187b01c937a8456ed8d">
                        <img alt="ATI Hybrid LED-Powermodul 4x24 Watt T5+1x75 Watt LED" border="0" height="150" src="images/ATI_LED_PM_Mont2-150x150.jpg" title=" ATI Hybrid LED-Powermodul 4x24 Watt T5+1x75 Watt LED " width="150"/>
                       </a>
                       <br/>
                       <a href="https://www.aquafair.de/product_info.php/products_id/3447?osCsid=d608357305b12187b01c937a8456ed8d">
                        ATI Hybrid LED-Powermodul 4x24 Watt T5+1x75 Watt LED
                       </a>
                       <br/>
                       Ehemaliger Verkäuferpreis
                       <s>
                        855,00 EUR
                       </s>
                       <br/>
                       jetzt nur
                       <span class="productSpecialPrice">
                        799,90 EUR
                        <br/>
                        <div class="tax_info">
                         [inkl. 19% MwSt zzgl.
                         <a class="tax_info" href="https://www.aquafair.de/shipping.php?osCsid=d608357305b12187b01c937a8456ed8d">
                          <u>
                           Versandkosten.
                          </u>
                         </a>
                         ]
                        </div>
                        Neue Version mit WIFI!
                        <br/>
                       </span>
                       <br/>
                       <center>
                        <a href="https://www.aquafair.de/product_info.php/products_id/5494?osCsid=d608357305b12187b01c937a8456ed8d">
                         <img alt="Theiling Rollermat XC Vliesfilter" border="0" height="150" src="images/Theiling Rollermat XC Montage-150x150.jpg" title=" Theiling Rollermat XC Vliesfilter " width="150"/>
                        </a>
                        <br/>
                        <a href="https://www.aquafair.de/product_info.php/products_id/5494?osCsid=d608357305b12187b01c937a8456ed8d">
                         Theiling Rollermat XC Vliesfilter
                        </a>
                        <br/>
                        Ehemaliger Verkäuferpreis
                        <s>
                         998,00 EUR
                        </s>
                        <br/>
                        jetzt nur
                        <span class="productSpecialPrice">
                         898,20 EUR
                         <br/>
                         <div class="tax_info">
                          [inkl. 19% MwSt zzgl.
                          <a class="tax_info" href="https://www.aquafair.de/shipping.php?osCsid=d608357305b12187b01c937a8456ed8d">
                           <u>
                            Versandkosten.
                           </u>
                          </a>
                          ]
                         </div>
                         <br/>
                        </span>
                        <br/>
                        <center>
                         <a href="https://www.aquafair.de/product_info.php/products_id/3724?osCsid=d608357305b12187b01c937a8456ed8d">
                          <img alt="ATI Hybrid LED-Powermodul 4x54 Watt T5+3x75 Watt LED+Röhren" border="0" height="150" src="images/ATI_LED_PM_Mont2-150x150.jpg" title=" ATI Hybrid LED-Powermodul 4x54 Watt T5+3x75 Watt LED+Röhren " width="150"/>
                         </a>
                         <br/>
                         <a href="https://www.aquafair.de/product_info.php/products_id/3724?osCsid=d608357305b12187b01c937a8456ed8d">
                          ATI Hybrid LED-Powermodul 4x54 Watt T5+3x75 Watt LED+Röhren
                         </a>
                         <br/>
                         Ehemaliger Verkäuferpreis
                         <s>
                          1.399,00 EUR
                         </s>
                         <br/>
                         jetzt nur
                         <span class="productSpecialPrice">
                          1.344,90 EUR
                          <br/>
                          <div class="tax_info">
                           [inkl. 19% MwSt zzgl.
                           <a class="tax_info" href="https://www.aquafair.de/shipping.php?osCsid=d608357305b12187b01c937a8456ed8d">
                            <u>
                             Versandkosten.
                            </u>
                           </a>
                           ]
                          </div>
                          Neue Version mit WIFI!
                          <br/>
                         </span>
                         <br/>
                         <center>
                          <a href="https://www.aquafair.de/product_info.php/products_id/3490?osCsid=d608357305b12187b01c937a8456ed8d">
                           <img alt="Aqua Light Temperatur Controller 2 in 1 TC 320" border="0" height="150" src="images/TempController-150x150.jpg" title=" Aqua Light Temperatur Controller 2 in 1 TC 320 " width="150"/>
                          </a>
                          <br/>
                          <a href="https://www.aquafair.de/product_info.php/products_id/3490?osCsid=d608357305b12187b01c937a8456ed8d">
                           Aqua Light Temperatur Controller 2 in 1 TC 320
                          </a>
                          <br/>
                          Ehemaliger Verkäuferpreis
                          <s>
                           49,00 EUR
                          </s>
                          <br/>
                          jetzt nur
                          <span class="productSpecialPrice">
                           39,20 EUR
                           <br/>
                           <div class="tax_info">
                            [inkl. 19% MwSt zzgl.
                            <a class="tax_info" href="https://www.aquafair.de/shipping.php?osCsid=d608357305b12187b01c937a8456ed8d">
                             <u>
                              Versandkosten.
                             </u>
                            </a>
                            ]
                           </div>
                           <br/>
                          </span>
                          <br/>
                          <center>
                           <a href="https://www.aquafair.de/product_info.php/products_id/3732?osCsid=d608357305b12187b01c937a8456ed8d">
                            <img alt="ATI Jebao RW-20 Strömungspumpe" border="0" height="150" src="images/ATI J Pumpen-150x150.jpg" title=" ATI Jebao RW-20 Strömungspumpe " width="150"/>
                           </a>
                           <br/>
                           <a href="https://www.aquafair.de/product_info.php/products_id/3732?osCsid=d608357305b12187b01c937a8456ed8d">
                            ATI Jebao RW-20 Strömungspumpe
                           </a>
                           <br/>
                           Ehemaliger Verkäuferpreis
                           <s>
                            119,00 EUR
                           </s>
                           <br/>
                           jetzt nur
                           <span class="productSpecialPrice">
                            114,89 EUR
                            <br/>
                            <div class="tax_info">
                             [inkl. 19% MwSt zzgl.
                             <a class="tax_info" href="https://www.aquafair.de/shipping.php?osCsid=d608357305b12187b01c937a8456ed8d">
                              <u>
                               Versandkosten.
                              </u>
                             </a>
                             ]
                            </div>
                            Versandkostenfrei in DE!
                            <br/>
                           </span>
                           <br/>
                           <center>
                            <a href="https://www.aquafair.de/product_info.php/products_id/5595?osCsid=d608357305b12187b01c937a8456ed8d">
                             <img alt="Philips CoralCare LED VERSION 2018 Set 1 Weiß" border="0" height="150" src="images/Philips CoralCare 3 Farben Produktbild-150x150.jpg" title=" Philips CoralCare LED VERSION 2018 Set 1 Weiß " width="150"/>
                            </a>
                            <br/>
                            <a href="https://www.aquafair.de/product_info.php/products_id/5595?osCsid=d608357305b12187b01c937a8456ed8d">
                             Philips CoralCare LED VERSION 2018 Set 1 Weiß
                            </a>
                            <br/>
                            Ehemaliger Verkäuferpreis
                            <s>
                             799,00 EUR
                            </s>
                            <br/>
                            jetzt nur
                            <span class="productSpecialPrice">
                             738,99 EUR
                             <br/>
                             <div class="tax_info">
                              [inkl. 19% MwSt zzgl.
                              <a class="tax_info" href="https://www.aquafair.de/shipping.php?osCsid=d608357305b12187b01c937a8456ed8d">
                               <u>
                                Versandkosten.
                               </u>
                              </a>
                              ]
                             </div>
                             NEUE VERSION 2018!
                             <br/>
                            </span>
                            <br/>
                            <center>
                             <a href="https://www.aquafair.de/product_info.php/products_id/2716?osCsid=d608357305b12187b01c937a8456ed8d">
                              <img alt="GHL ProfiLux Touch" border="0" height="150" src="images/ProfiLuxTouchOverview_500x352-150x150.jpg" title=" GHL ProfiLux Touch " width="150"/>
                             </a>
                             <br/>
                             <a href="https://www.aquafair.de/product_info.php/products_id/2716?osCsid=d608357305b12187b01c937a8456ed8d">
                              GHL ProfiLux Touch
                             </a>
                             <br/>
                             Ehemaliger Verkäuferpreis
                             <s>
                              272,90 EUR
                             </s>
                             <br/>
                             jetzt nur
                             <span class="productSpecialPrice">
                              265,00 EUR
                              <br/>
                              <div class="tax_info">
                               [inkl. 19% MwSt zzgl.
                               <a class="tax_info" href="https://www.aquafair.de/shipping.php?osCsid=d608357305b12187b01c937a8456ed8d">
                                <u>
                                 Versandkosten.
                                </u>
                               </a>
                               ]
                              </div>
                              Versandkostenfrei!
                              <br/>
                             </span>
                             <br/>
                             <center>
                              <a href="https://www.aquafair.de/product_info.php/products_id/3983?osCsid=d608357305b12187b01c937a8456ed8d">
                               <img alt="Aquaforest Probiotic Reef Salt, 10 kg, Eimer" border="0" height="150" src="images/Aquaforest Probiotic Reef Salt 10 kg-150x150.jpg" title=" Aquaforest Probiotic Reef Salt, 10 kg, Eimer " width="150"/>
                              </a>
                              <br/>
                              <a href="https://www.aquafair.de/product_info.php/products_id/3983?osCsid=d608357305b12187b01c937a8456ed8d">
                               Aquaforest Probiotic Reef Salt, 10 kg, Eimer
                              </a>
                              <br/>
                              Ehemaliger Verkäuferpreis
                              <s>
                               39,90 EUR
                              </s>
                              <br/>
                              jetzt nur
                              <span class="productSpecialPrice">
                               33,92 EUR
                               <br/>
                               <div class="tax_info">
                                [inkl. 19% MwSt zzgl.
                                <a class="tax_info" href="https://www.aquafair.de/shipping.php?osCsid=d608357305b12187b01c937a8456ed8d">
                                 <u>
                                  Versandkosten.
                                 </u>
                                </a>
                                ]
                               </div>
                               Grundpreis: 3,99 €/kg
                               <br/>
                              </span>
                              <br/>
                              <center>
                               <a href="https://www.aquafair.de/product_info.php/products_id/2266?osCsid=d608357305b12187b01c937a8456ed8d">
                                <img alt="Fauna Marin Balling Salze Calcium-Mix, 4 kg" border="0" height="150" src="images/Fauna Marin Calcium Mix 4 kg-150x150.jpg" title=" Fauna Marin Balling Salze Calcium-Mix, 4 kg " width="150"/>
                               </a>
                               <br/>
                               <a href="https://www.aquafair.de/product_info.php/products_id/2266?osCsid=d608357305b12187b01c937a8456ed8d">
                                Fauna Marin Balling Salze Calcium-Mix, 4 kg
                               </a>
                               <br/>
                               Ehemaliger Verkäuferpreis
                               <s>
                                38,00 EUR
                               </s>
                               <br/>
                               jetzt nur
                               <span class="productSpecialPrice">
                                34,20 EUR
                                <br/>
                                <div class="tax_info">
                                 [inkl. 19% MwSt zzgl.
                                 <a class="tax_info" href="https://www.aquafair.de/shipping.php?osCsid=d608357305b12187b01c937a8456ed8d">
                                  <u>
                                   Versandkosten.
                                  </u>
                                 </a>
                                 ]
                                </div>
                                Grundpreis: 9,50 €/kg
                                <br/>
                               </span>
                               <br/>
                               <center>
                                <a href="https://www.aquafair.de/product_info.php/products_id/3719?osCsid=d608357305b12187b01c937a8456ed8d">
                                 <img alt="ATI Hybrid LED-Powermodul 4x80 Watt T5+4x75 Watt LED+Röhren" border="0" height="150" src="images/ATI_LED_PM_Mont2-150x150.jpg" title=" ATI Hybrid LED-Powermodul 4x80 Watt T5+4x75 Watt LED+Röhren " width="150"/>
                                </a>
                                <br/>
                                <a href="https://www.aquafair.de/product_info.php/products_id/3719?osCsid=d608357305b12187b01c937a8456ed8d">
                                 ATI Hybrid LED-Powermodul 4x80 Watt T5+4x75 Watt LED+Röhren
                                </a>
                                <br/>
                                Ehemaliger Verkäuferpreis
                                <s>
                                 1.649,00 EUR
                                </s>
                                <br/>
                                jetzt nur
                                <span class="productSpecialPrice">
                                 1.499,90 EUR
                                 <br/>
                                 <div class="tax_info">
                                  [inkl. 19% MwSt zzgl.
                                  <a class="tax_info" href="https://www.aquafair.de/shipping.php?osCsid=d608357305b12187b01c937a8456ed8d">
                                   <u>
                                    Versandkosten.
                                   </u>
                                  </a>
                                  ]
                                 </div>
                                 Neue Version mit WIFI!
                                 <br/>
                                </span>
                                <br/>
                                <center>
                                 <a href="https://www.aquafair.de/product_info.php/products_id/3807?osCsid=d608357305b12187b01c937a8456ed8d">
                                  <img alt="Aqua Light EV800 Eiweißabschäumer" border="0" height="150" src="images/Aqua Light EV800 Eiweissabschaeumer-150x150.jpg" title=" Aqua Light EV800 Eiweißabschäumer " width="150"/>
                                 </a>
                                 <br/>
                                 <a href="https://www.aquafair.de/product_info.php/products_id/3807?osCsid=d608357305b12187b01c937a8456ed8d">
                                  Aqua Light EV800 Eiweißabschäumer
                                 </a>
                                 <br/>
                                 Ehemaliger Verkäuferpreis
                                 <s>
                                  289,00 EUR
                                 </s>
                                 <br/>
                                 jetzt nur
                                 <span class="productSpecialPrice">
                                  149,95 EUR
                                  <br/>
                                  <div class="tax_info">
                                   [inkl. 19% MwSt zzgl.
                                   <a class="tax_info" href="https://www.aquafair.de/shipping.php?osCsid=d608357305b12187b01c937a8456ed8d">
                                    <u>
                                     Versandkosten.
                                    </u>
                                   </a>
                                   ]
                                  </div>
                                  Keine Versandkosten in DE
                                  <br/>
                                 </span>
                                 <br/>
                                 <center>
                                  <a href="https://www.aquafair.de/product_info.php/products_id/4613?osCsid=d608357305b12187b01c937a8456ed8d">
                                   <img alt="Microbe-Lift Organic Active Salt, 20 kg" border="0" height="150" src="images/ARKA Microbe-Lift Organic Active Salt-150x150.jpg" title=" Microbe-Lift Organic Active Salt, 20 kg " width="150"/>
                                  </a>
                                  <br/>
                                  <a href="https://www.aquafair.de/product_info.php/products_id/4613?osCsid=d608357305b12187b01c937a8456ed8d">
                                   Microbe-Lift Organic Active Salt, 20 kg
                                  </a>
                                  <br/>
                                  Ehemaliger Verkäuferpreis
                                  <s>
                                   89,00 EUR
                                  </s>
                                  <br/>
                                  jetzt nur
                                  <span class="productSpecialPrice">
                                   82,77 EUR
                                   <br/>
                                   <div class="tax_info">
                                    [inkl. 19% MwSt zzgl.
                                    <a class="tax_info" href="https://www.aquafair.de/shipping.php?osCsid=d608357305b12187b01c937a8456ed8d">
                                     <u>
                                      Versandkosten.
                                     </u>
                                    </a>
                                    ]
                                   </div>
                                   Grundpreis: 4,14€/kg
                                   <br/>
                                  </span>
                                  <br/>
                                  <center>
                                   <a href="https://www.aquafair.de/product_info.php/products_id/546?osCsid=d608357305b12187b01c937a8456ed8d">
                                    <img alt="Aquarienventilator StarWind V" border="0" height="150" src="images/Starwind5 Aquarienventilator-150x150.jpg" title=" Aquarienventilator StarWind V " width="150"/>
                                   </a>
                                   <br/>
                                   <a href="https://www.aquafair.de/product_info.php/products_id/546?osCsid=d608357305b12187b01c937a8456ed8d">
                                    Aquarienventilator StarWind V
                                   </a>
                                   <br/>
                                   Ehemaliger Verkäuferpreis
                                   <s>
                                    51,90 EUR
                                   </s>
                                   <br/>
                                   jetzt nur
                                   <span class="productSpecialPrice">
                                    42,90 EUR
                                    <br/>
                                    <div class="tax_info">
                                     [inkl. 19% MwSt zzgl.
                                     <a class="tax_info" href="https://www.aquafair.de/shipping.php?osCsid=d608357305b12187b01c937a8456ed8d">
                                      <u>
                                       Versandkosten.
                                      </u>
                                     </a>
                                     ]
                                    </div>
                                    <br/>
                                   </span>
                                   <br/>
                                   <center>
                                    <a href="https://www.aquafair.de/product_info.php/products_id/5397?osCsid=d608357305b12187b01c937a8456ed8d">
                                     <img alt="ATI Hybrid LED-Powermodul 6x80 Watt T5+4x75 Watt LED" border="0" height="150" src="images/ATI_LED_PM_Mont2-150x150.jpg" title=" ATI Hybrid LED-Powermodul 6x80 Watt T5+4x75 Watt LED " width="150"/>
                                    </a>
                                    <br/>
                                    <a href="https://www.aquafair.de/product_info.php/products_id/5397?osCsid=d608357305b12187b01c937a8456ed8d">
                                     ATI Hybrid LED-Powermodul 6x80 Watt T5+4x75 Watt LED
                                    </a>
                                    <br/>
                                    Ehemaliger Verkäuferpreis
                                    <s>
                                     1.699,00 EUR
                                    </s>
                                    <br/>
                                    jetzt nur
                                    <span class="productSpecialPrice">
                                     1.529,90 EUR
                                     <br/>
                                     <div class="tax_info">
                                      [inkl. 19% MwSt zzgl.
                                      <a class="tax_info" href="https://www.aquafair.de/shipping.php?osCsid=d608357305b12187b01c937a8456ed8d">
                                       <u>
                                        Versandkosten.
                                       </u>
                                      </a>
                                      ]
                                     </div>
                                     Neue Version mit WIFI!
                                     <br/>
                                    </span>
                                    <br/>
                                    <center>
                                     <a href="https://www.aquafair.de/product_info.php/products_id/3452?osCsid=d608357305b12187b01c937a8456ed8d">
                                      <img alt="ATI Hybrid LED-Powermodul 8x39 Watt T5+2x75 Watt LED" border="0" height="150" src="images/ATI_LED_PM_Mont2-150x150.jpg" title=" ATI Hybrid LED-Powermodul 8x39 Watt T5+2x75 Watt LED " width="150"/>
                                     </a>
                                     <br/>
                                     <a href="https://www.aquafair.de/product_info.php/products_id/3452?osCsid=d608357305b12187b01c937a8456ed8d">
                                      ATI Hybrid LED-Powermodul 8x39 Watt T5+2x75 Watt LED
                                     </a>
                                     <br/>
                                     Ehemaliger Verkäuferpreis
                                     <s>
                                      1.305,00 EUR
                                     </s>
                                     <br/>
                                     jetzt nur
                                     <span class="productSpecialPrice">
                                      1.179,90 EUR
                                      <br/>
                                      <div class="tax_info">
                                       [inkl. 19% MwSt zzgl.
                                       <a class="tax_info" href="https://www.aquafair.de/shipping.php?osCsid=d608357305b12187b01c937a8456ed8d">
                                        <u>
                                         Versandkosten.
                                        </u>
                                       </a>
                                       ]
                                      </div>
                                      Neue Version mit WIFI!
                                      <br/>
                                     </span>
                                     <br/>
                                     <center>
                                      <a href="https://www.aquafair.de/product_info.php/products_id/4438?osCsid=d608357305b12187b01c937a8456ed8d">
                                       <img alt="ATI ICP-OES Wasseranalyse, 1 Testkit, inkl. Messung UO-Wasser" border="0" height="150" src="images/ATI ICP-OES Wasseranalyse-150x150.jpg" title=" ATI ICP-OES Wasseranalyse, 1 Testkit, inkl. Messung UO-Wasser " width="150"/>
                                      </a>
                                      <br/>
                                      <a href="https://www.aquafair.de/product_info.php/products_id/4438?osCsid=d608357305b12187b01c937a8456ed8d">
                                       ATI ICP-OES Wasseranalyse, 1 Testkit, inkl. Messung UO-Wasser
                                      </a>
                                      <br/>
                                      Ehemaliger Verkäuferpreis
                                      <s>
                                       34,90 EUR
                                      </s>
                                      <br/>
                                      jetzt nur
                                      <span class="productSpecialPrice">
                                       31,41 EUR
                                       <br/>
                                       <div class="tax_info">
                                        [inkl. 19% MwSt zzgl.
                                        <a class="tax_info" href="https://www.aquafair.de/shipping.php?osCsid=d608357305b12187b01c937a8456ed8d">
                                         <u>
                                          Versandkosten.
                                         </u>
                                        </a>
                                        ]
                                       </div>
                                       <br/>
                                      </span>
                                      <br/>
                                      <center>
                                       <a href="https://www.aquafair.de/product_info.php/products_id/2271?osCsid=d608357305b12187b01c937a8456ed8d">
                                        <img alt="Fauna Marin Balling Light Set" border="0" height="150" src="images/Balling light set-150x150.jpg" title=" Fauna Marin Balling Light Set " width="150"/>
                                       </a>
                                       <br/>
                                       <a href="https://www.aquafair.de/product_info.php/products_id/2271?osCsid=d608357305b12187b01c937a8456ed8d">
                                        Fauna Marin Balling Light Set
                                       </a>
                                       <br/>
                                       Ehemaliger Verkäuferpreis
                                       <s>
                                        99,95 EUR
                                       </s>
                                       <br/>
                                       jetzt nur
                                       <span class="productSpecialPrice">
                                        89,95 EUR
                                        <br/>
                                        <div class="tax_info">
                                         [inkl. 19% MwSt zzgl.
                                         <a class="tax_info" href="https://www.aquafair.de/shipping.php?osCsid=d608357305b12187b01c937a8456ed8d">
                                          <u>
                                           Versandkosten.
                                          </u>
                                         </a>
                                         ]
                                        </div>
                                        Versandkostenfrei in DE!
                                        <br/>
                                       </span>
                                       <br/>
                                       <center>
                                        <a href="https://www.aquafair.de/product_info.php/products_id/3731?osCsid=d608357305b12187b01c937a8456ed8d">
                                         <img alt="ATI Jebao OW-40 Strömungspumpe, 1.200 - 15.000 l/h" border="0" height="150" src="images/Jebao OW-40 Stroemungspumpe-150x150.jpg" title=" ATI Jebao OW-40 Strömungspumpe, 1.200 - 15.000 l/h " width="150"/>
                                        </a>
                                        <br/>
                                        <a href="https://www.aquafair.de/product_info.php/products_id/3731?osCsid=d608357305b12187b01c937a8456ed8d">
                                         ATI Jebao OW-40 Strömungspumpe, 1.200 - 15.000 l/h
                                        </a>
                                        <br/>
                                        Ehemaliger Verkäuferpreis
                                        <s>
                                         89,00 EUR
                                        </s>
                                        <br/>
                                        jetzt nur
                                        <span class="productSpecialPrice">
                                         84,89 EUR
                                         <br/>
                                         <div class="tax_info">
                                          [inkl. 19% MwSt zzgl.
                                          <a class="tax_info" href="https://www.aquafair.de/shipping.php?osCsid=d608357305b12187b01c937a8456ed8d">
                                           <u>
                                            Versandkosten.
                                           </u>
                                          </a>
                                          ]
                                         </div>
                                         Versandkostenfrei in DE!
                                         <br/>
                                        </span>
                                        <br/>
                                        <center>
                                         <a href="https://www.aquafair.de/product_info.php/products_id/2952?osCsid=d608357305b12187b01c937a8456ed8d">
                                          <img alt="sangokai sango nutri-spur basic, 250 ml" border="0" height="150" src="images/sangokai nutri-spur basic-150x150.jpg" title=" sangokai sango nutri-spur basic, 250 ml " width="150"/>
                                         </a>
                                         <br/>
                                         <a href="https://www.aquafair.de/product_info.php/products_id/2952?osCsid=d608357305b12187b01c937a8456ed8d">
                                          sangokai sango nutri-spur basic, 250 ml
                                         </a>
                                         <br/>
                                         Ehemaliger Verkäuferpreis
                                         <s>
                                          12,95 EUR
                                         </s>
                                         <br/>
                                         jetzt nur
                                         <span class="productSpecialPrice">
                                          10,75 EUR
                                          <br/>
                                          <div class="tax_info">
                                           [inkl. 19% MwSt zzgl.
                                           <a class="tax_info" href="https://www.aquafair.de/shipping.php?osCsid=d608357305b12187b01c937a8456ed8d">
                                            <u>
                                             Versandkosten.
                                            </u>
                                           </a>
                                           ]
                                          </div>
                                          Grundpreis: 43,00 €/l
                                          <br/>
                                         </span>
                                         <br/>
                                         <center>
                                          <a href="https://www.aquafair.de/product_info.php/products_id/3450?osCsid=d608357305b12187b01c937a8456ed8d">
                                           <img alt="ATI Hybrid LED-Powermodul 4x80 Watt T5+4x75 Watt LED" border="0" height="150" src="images/ATI_LED_PM_Mont2-150x150.jpg" title=" ATI Hybrid LED-Powermodul 4x80 Watt T5+4x75 Watt LED " width="150"/>
                                          </a>
                                          <br/>
                                          <a href="https://www.aquafair.de/product_info.php/products_id/3450?osCsid=d608357305b12187b01c937a8456ed8d">
                                           ATI Hybrid LED-Powermodul 4x80 Watt T5+4x75 Watt LED
                                          </a>
                                          <br/>
                                          Ehemaliger Verkäuferpreis
                                          <s>
                                           1.575,00 EUR
                                          </s>
                                          <br/>
                                          jetzt nur
                                          <span class="productSpecialPrice">
                                           1.429,90 EUR
                                           <br/>
                                           <div class="tax_info">
                                            [inkl. 19% MwSt zzgl.
                                            <a class="tax_info" href="https://www.aquafair.de/shipping.php?osCsid=d608357305b12187b01c937a8456ed8d">
                                             <u>
                                              Versandkosten.
                                             </u>
                                            </a>
                                            ]
                                           </div>
                                           Neue Version mit WIFI!
                                           <br/>
                                          </span>
                                          <br/>
                                          <center>
                                           <a href="https://www.aquafair.de/product_info.php/products_id/5394?osCsid=d608357305b12187b01c937a8456ed8d">
                                            <img alt="ATI Hybrid LED-Powermodul 6x39 Watt T5+2x75 Watt LED+Röhren" border="0" height="150" src="images/ATI_LED_PM_Mont2-150x150.jpg" title=" ATI Hybrid LED-Powermodul 6x39 Watt T5+2x75 Watt LED+Röhren " width="150"/>
                                           </a>
                                           <br/>
                                           <a href="https://www.aquafair.de/product_info.php/products_id/5394?osCsid=d608357305b12187b01c937a8456ed8d">
                                            ATI Hybrid LED-Powermodul 6x39 Watt T5+2x75 Watt LED+Röhren
                                           </a>
                                           <br/>
                                           Ehemaliger Verkäuferpreis
                                           <s>
                                            1.299,00 EUR
                                           </s>
                                           <br/>
                                           jetzt nur
                                           <span class="productSpecialPrice">
                                            1.184,90 EUR
                                            <br/>
                                            <div class="tax_info">
                                             [inkl. 19% MwSt zzgl.
                                             <a class="tax_info" href="https://www.aquafair.de/shipping.php?osCsid=d608357305b12187b01c937a8456ed8d">
                                              <u>
                                               Versandkosten.
                                              </u>
                                             </a>
                                             ]
                                            </div>
                                            Neue Version mit WIFI!
                                            <br/>
                                           </span>
                                           <br/>
                                           <center>
                                            <a href="https://www.aquafair.de/product_info.php/products_id/4612?osCsid=d608357305b12187b01c937a8456ed8d">
                                             <img alt="Microbe-Lift Organic Active Salt, 10 kg" border="0" height="150" src="images/ARKA Microbe-Lift Organic Active Salt-150x150.jpg" title=" Microbe-Lift Organic Active Salt, 10 kg " width="150"/>
                                            </a>
                                            <br/>
                                            <a href="https://www.aquafair.de/product_info.php/products_id/4612?osCsid=d608357305b12187b01c937a8456ed8d">
                                             Microbe-Lift Organic Active Salt, 10 kg
                                            </a>
                                            <br/>
                                            Ehemaliger Verkäuferpreis
                                            <s>
                                             49,00 EUR
                                            </s>
                                            <br/>
                                            jetzt nur
                                            <span class="productSpecialPrice">
                                             44,59 EUR
                                             <br/>
                                             <div class="tax_info">
                                              [inkl. 19% MwSt zzgl.
                                              <a class="tax_info" href="https://www.aquafair.de/shipping.php?osCsid=d608357305b12187b01c937a8456ed8d">
                                               <u>
                                                Versandkosten.
                                               </u>
                                              </a>
                                              ]
                                             </div>
                                             Grundpreis: 4,46€/kg
                                             <br/>
                                            </span>
                                            <br/>
                                            <center>
                                             <a href="https://www.aquafair.de/product_info.php/products_id/5599?osCsid=d608357305b12187b01c937a8456ed8d">
                                              <img alt="Philips CoralCare LED VERSION 2018 Schwarz" border="0" height="150" src="images/Philips CoralCare 3 Farben Produktbild-150x150.jpg" title=" Philips CoralCare LED VERSION 2018 Schwarz " width="150"/>
                                             </a>
                                             <br/>
                                             <a href="https://www.aquafair.de/product_info.php/products_id/5599?osCsid=d608357305b12187b01c937a8456ed8d">
                                              Philips CoralCare LED VERSION 2018 Schwarz
                                             </a>
                                             <br/>
                                             Ehemaliger Verkäuferpreis
                                             <s>
                                              739,00 EUR
                                             </s>
                                             <br/>
                                             jetzt nur
                                             <span class="productSpecialPrice">
                                              668,99 EUR
                                              <br/>
                                              <div class="tax_info">
                                               [inkl. 19% MwSt zzgl.
                                               <a class="tax_info" href="https://www.aquafair.de/shipping.php?osCsid=d608357305b12187b01c937a8456ed8d">
                                                <u>
                                                 Versandkosten.
                                                </u>
                                               </a>
                                               ]
                                              </div>
                                              NEUE VERSION 2018!
                                              <br/>
                                             </span>
                                             <br/>
                                             <center>
                                              <a href="https://www.aquafair.de/product_info.php/products_id/5393?osCsid=d608357305b12187b01c937a8456ed8d">
                                               <img alt="ATI Hybrid LED-Powermodul 6x39 Watt T5+2x75 Watt LED" border="0" height="150" src="images/ATI_LED_PM_Mont2-150x150.jpg" title=" ATI Hybrid LED-Powermodul 6x39 Watt T5+2x75 Watt LED " width="150"/>
                                              </a>
                                              <br/>
                                              <a href="https://www.aquafair.de/product_info.php/products_id/5393?osCsid=d608357305b12187b01c937a8456ed8d">
                                               ATI Hybrid LED-Powermodul 6x39 Watt T5+2x75 Watt LED
                                              </a>
                                              <br/>
                                              Ehemaliger Verkäuferpreis
                                              <s>
                                               1.219,00 EUR
                                              </s>
                                              <br/>
                                              jetzt nur
                                              <span class="productSpecialPrice">
                                               1.099,90 EUR
                                               <br/>
                                               <div class="tax_info">
                                                [inkl. 19% MwSt zzgl.
                                                <a class="tax_info" href="https://www.aquafair.de/shipping.php?osCsid=d608357305b12187b01c937a8456ed8d">
                                                 <u>
                                                  Versandkosten.
                                                 </u>
                                                </a>
                                                ]
                                               </div>
                                               Neue Version mit WIFI!
                                               <br/>
                                              </span>
                                              <br/>
                                              <center>
                                               <a href="https://www.aquafair.de/product_info.php/products_id/5534?osCsid=d608357305b12187b01c937a8456ed8d">
                                                <img alt="Aqua Medic angel LED 200, weiss" border="0" height="150" src="images/Aqua Medic angel LED 200 Weiss-150x150.jpg" title=" Aqua Medic angel LED 200, weiss " width="150"/>
                                               </a>
                                               <br/>
                                               <a href="https://www.aquafair.de/product_info.php/products_id/5534?osCsid=d608357305b12187b01c937a8456ed8d">
                                                Aqua Medic angel LED 200, weiss
                                               </a>
                                               <br/>
                                               Ehemaliger Verkäuferpreis
                                               <s>
                                                949,00 EUR
                                               </s>
                                               <br/>
                                               jetzt nur
                                               <span class="productSpecialPrice">
                                                889,00 EUR
                                                <br/>
                                                <div class="tax_info">
                                                 [inkl. 19% MwSt zzgl.
                                                 <a class="tax_info" href="https://www.aquafair.de/shipping.php?osCsid=d608357305b12187b01c937a8456ed8d">
                                                  <u>
                                                   Versandkosten.
                                                  </u>
                                                 </a>
                                                 ]
                                                </div>
                                                Versandkostenfrei in DE!
                                                <br/>
                                               </span>
                                               <br/>
                                               <center>
                                                <a href="https://www.aquafair.de/product_info.php/products_id/5168?osCsid=d608357305b12187b01c937a8456ed8d">
                                                 <img alt="Aqua Medic Umkehrosmoseanlage platinum line plus" border="0" height="150" src="images/Aqua Medic Umkehrosmoseanlage platinum Line plus-150x150.jpg" title=" Aqua Medic Umkehrosmoseanlage platinum line plus " width="150"/>
                                                </a>
                                                <br/>
                                                <a href="https://www.aquafair.de/product_info.php/products_id/5168?osCsid=d608357305b12187b01c937a8456ed8d">
                                                 Aqua Medic Umkehrosmoseanlage platinum line plus
                                                </a>
                                                <br/>
                                                Ehemaliger Verkäuferpreis
                                                <s>
                                                 269,00 EUR
                                                </s>
                                                <br/>
                                                jetzt nur
                                                <span class="productSpecialPrice">
                                                 249,90 EUR
                                                 <br/>
                                                 <div class="tax_info">
                                                  [inkl. 19% MwSt zzgl.
                                                  <a class="tax_info" href="https://www.aquafair.de/shipping.php?osCsid=d608357305b12187b01c937a8456ed8d">
                                                   <u>
                                                    Versandkosten.
                                                   </u>
                                                  </a>
                                                  ]
                                                 </div>
                                                 Versandkostenfrei in DE!
                                                 <br/>
                                                </span>
                                                <br/>
                                                <center>
                                                 <a href="https://www.aquafair.de/product_info.php/products_id/3730?osCsid=d608357305b12187b01c937a8456ed8d">
                                                  <img alt="ATI Jebao OW-25 Strömungspumpe, 700 - 8.500 l/h" border="0" height="150" src="images/Jebao OW-25 Stroemungspumpe-150x150.jpg" title=" ATI Jebao OW-25 Strömungspumpe, 700 - 8.500 l/h " width="150"/>
                                                 </a>
                                                 <br/>
                                                 <a href="https://www.aquafair.de/product_info.php/products_id/3730?osCsid=d608357305b12187b01c937a8456ed8d">
                                                  ATI Jebao OW-25 Strömungspumpe, 700 - 8.500 l/h
                                                 </a>
                                                 <br/>
                                                 Ehemaliger Verkäuferpreis
                                                 <s>
                                                  79,00 EUR
                                                 </s>
                                                 <br/>
                                                 jetzt nur
                                                 <span class="productSpecialPrice">
                                                  74,90 EUR
                                                  <br/>
                                                  <div class="tax_info">
                                                   [inkl. 19% MwSt zzgl.
                                                   <a class="tax_info" href="https://www.aquafair.de/shipping.php?osCsid=d608357305b12187b01c937a8456ed8d">
                                                    <u>
                                                     Versandkosten.
                                                    </u>
                                                   </a>
                                                   ]
                                                  </div>
                                                  Versandkostenfrei in DE!
                                                  <br/>
                                                 </span>
                                                 <br/>
                                                 <center>
                                                  <a href="https://www.aquafair.de/product_info.php/products_id/3560?osCsid=d608357305b12187b01c937a8456ed8d">
                                                   <img alt="Temperatur Controller 2 in 1" border="0" height="150" src="images/TempController-150x150.jpg" title=" Temperatur Controller 2 in 1 " width="150"/>
                                                  </a>
                                                  <br/>
                                                  <a href="https://www.aquafair.de/product_info.php/products_id/3560?osCsid=d608357305b12187b01c937a8456ed8d">
                                                   Temperatur Controller 2 in 1
                                                  </a>
                                                  <br/>
                                                  Ehemaliger Verkäuferpreis
                                                  <s>
                                                   49,00 EUR
                                                  </s>
                                                  <br/>
                                                  jetzt nur
                                                  <span class="productSpecialPrice">
                                                   39,20 EUR
                                                   <br/>
                                                   <div class="tax_info">
                                                    [inkl. 19% MwSt zzgl.
                                                    <a class="tax_info" href="https://www.aquafair.de/shipping.php?osCsid=d608357305b12187b01c937a8456ed8d">
                                                     <u>
                                                      Versandkosten.
                                                     </u>
                                                    </a>
                                                    ]
                                                   </div>
                                                   <br/>
                                                  </span>
                                                  <br/>
                                                  <center>
                                                   <a href="https://www.aquafair.de/product_info.php/products_id/2269?osCsid=d608357305b12187b01c937a8456ed8d">
                                                    <img alt="Fauna Marin Balling Salz Carbonate-Mix , 4 kg" border="0" height="150" src="images/Fauna Marin Carbonate Mix 4 kg-150x150.jpg" title=" Fauna Marin Balling Salz Carbonate-Mix , 4 kg " width="150"/>
                                                   </a>
                                                   <br/>
                                                   <a href="https://www.aquafair.de/product_info.php/products_id/2269?osCsid=d608357305b12187b01c937a8456ed8d">
                                                    Fauna Marin Balling Salz Carbonate-Mix , 4 kg
                                                   </a>
                                                   <br/>
                                                   Ehemaliger Verkäuferpreis
                                                   <s>
                                                    38,95 EUR
                                                   </s>
                                                   <br/>
                                                   jetzt nur
                                                   <span class="productSpecialPrice">
                                                    35,06 EUR
                                                    <br/>
                                                    <div class="tax_info">
                                                     [inkl. 19% MwSt zzgl.
                                                     <a class="tax_info" href="https://www.aquafair.de/shipping.php?osCsid=d608357305b12187b01c937a8456ed8d">
                                                      <u>
                                                       Versandkosten.
                                                      </u>
                                                     </a>
                                                     ]
                                                    </div>
                                                    Grundpreis: 9,74 €/kg
                                                    <br/>
                                                   </span>
                                                   <br/>
                                                   <center>
                                                    <a href="https://www.aquafair.de/product_info.php/products_id/5326?osCsid=d608357305b12187b01c937a8456ed8d">
                                                     <img alt="Aquaforest Probiotic Reef Salt, 25 kg, Box" border="0" height="150" src="images/Aquaforest Probiotic Reef Salt 25 kg-150x150.jpg" title=" Aquaforest Probiotic Reef Salt, 25 kg, Box " width="150"/>
                                                    </a>
                                                    <br/>
                                                    <a href="https://www.aquafair.de/product_info.php/products_id/5326?osCsid=d608357305b12187b01c937a8456ed8d">
                                                     Aquaforest Probiotic Reef Salt, 25 kg, Box
                                                    </a>
                                                    <br/>
                                                    Ehemaliger Verkäuferpreis
                                                    <s>
                                                     75,00 EUR
                                                    </s>
                                                    <br/>
                                                    jetzt nur
                                                    <span class="productSpecialPrice">
                                                     67,50 EUR
                                                     <br/>
                                                     <div class="tax_info">
                                                      [inkl. 19% MwSt zzgl.
                                                      <a class="tax_info" href="https://www.aquafair.de/shipping.php?osCsid=d608357305b12187b01c937a8456ed8d">
                                                       <u>
                                                        Versandkosten.
                                                       </u>
                                                      </a>
                                                      ]
                                                     </div>
                                                     Grundpreis: 2,70 €/kg
                                                     <br/>
                                                    </span>
                                                    <br/>
                                                    <center>
                                                     <a href="https://www.aquafair.de/product_info.php/products_id/4142?osCsid=d608357305b12187b01c937a8456ed8d">
                                                      <img alt="Aqua Medic spectrus 60, LED Aquarienleuchte" border="0" height="150" src="images/Aqua Medic spectrus Montage-150x150.jpg" title=" Aqua Medic spectrus 60, LED Aquarienleuchte " width="150"/>
                                                     </a>
                                                     <br/>
                                                     <a href="https://www.aquafair.de/product_info.php/products_id/4142?osCsid=d608357305b12187b01c937a8456ed8d">
                                                      Aqua Medic spectrus 60, LED Aquarienleuchte
                                                     </a>
                                                     <br/>
                                                     Ehemaliger Verkäuferpreis
                                                     <s>
                                                      755,00 EUR
                                                     </s>
                                                     <br/>
                                                     jetzt nur
                                                     <span class="productSpecialPrice">
                                                      649,00 EUR
                                                      <br/>
                                                      <div class="tax_info">
                                                       [inkl. 19% MwSt zzgl.
                                                       <a class="tax_info" href="https://www.aquafair.de/shipping.php?osCsid=d608357305b12187b01c937a8456ed8d">
                                                        <u>
                                                         Versandkosten.
                                                        </u>
                                                       </a>
                                                       ]
                                                      </div>
                                                      Versandkostenfrei in DE!
                                                      <br/>
                                                     </span>
                                                     <br/>
                                                     <center>
                                                      <a href="https://www.aquafair.de/product_info.php/products_id/2725?osCsid=d608357305b12187b01c937a8456ed8d">
                                                       <img alt="Bubble Magus Abschäumer C5" border="0" height="150" src="images/Bubble Magus C5-150x150.jpg" title=" Bubble Magus Abschäumer C5 " width="150"/>
                                                      </a>
                                                      <br/>
                                                      <a href="https://www.aquafair.de/product_info.php/products_id/2725?osCsid=d608357305b12187b01c937a8456ed8d">
                                                       Bubble Magus Abschäumer C5
                                                      </a>
                                                      <br/>
                                                      Ehemaliger Verkäuferpreis
                                                      <s>
                                                       155,00 EUR
                                                      </s>
                                                      <br/>
                                                      jetzt nur
                                                      <span class="productSpecialPrice">
                                                       155,00 EUR
                                                       <br/>
                                                       <div class="tax_info">
                                                        [inkl. 19% MwSt zzgl.
                                                        <a class="tax_info" href="https://www.aquafair.de/shipping.php?osCsid=d608357305b12187b01c937a8456ed8d">
                                                         <u>
                                                          Versandkosten.
                                                         </u>
                                                        </a>
                                                        ]
                                                       </div>
                                                       Versandkostenfrei!
                                                       <br/>
                                                      </span>
                                                      <br/>
                                                      <center>
                                                       <a href="https://www.aquafair.de/product_info.php/products_id/545?osCsid=d608357305b12187b01c937a8456ed8d">
                                                        <img alt="Aquarienventilator StarWind IV" border="0" height="150" src="images/Starwind4 Aquarienventilator-150x150.jpg" title=" Aquarienventilator StarWind IV " width="150"/>
                                                       </a>
                                                       <br/>
                                                       <a href="https://www.aquafair.de/product_info.php/products_id/545?osCsid=d608357305b12187b01c937a8456ed8d">
                                                        Aquarienventilator StarWind IV
                                                       </a>
                                                       <br/>
                                                       Ehemaliger Verkäuferpreis
                                                       <s>
                                                        43,95 EUR
                                                       </s>
                                                       <br/>
                                                       jetzt nur
                                                       <span class="productSpecialPrice">
                                                        36,90 EUR
                                                        <br/>
                                                        <div class="tax_info">
                                                         [inkl. 19% MwSt zzgl.
                                                         <a class="tax_info" href="https://www.aquafair.de/shipping.php?osCsid=d608357305b12187b01c937a8456ed8d">
                                                          <u>
                                                           Versandkosten.
                                                          </u>
                                                         </a>
                                                         ]
                                                        </div>
                                                        <br/>
                                                       </span>
                                                       <br/>
                                                       <center>
                                                        <a href="https://www.aquafair.de/product_info.php/products_id/2014?osCsid=d608357305b12187b01c937a8456ed8d">
                                                         <img alt="Tropic Marin Bio-Actif Meersalz, 25 kg, Eimer" border="0" height="150" src="images/MS_bioactif-150x150.jpg" title=" Tropic Marin Bio-Actif Meersalz, 25 kg, Eimer " width="150"/>
                                                        </a>
                                                        <br/>
                                                        <a href="https://www.aquafair.de/product_info.php/products_id/2014?osCsid=d608357305b12187b01c937a8456ed8d">
                                                         Tropic Marin Bio-Actif Meersalz, 25 kg, Eimer
                                                        </a>
                                                        <br/>
                                                        Ehemaliger Verkäuferpreis
                                                        <s>
                                                         94,50 EUR
                                                        </s>
                                                        <br/>
                                                        jetzt nur
                                                        <span class="productSpecialPrice">
                                                         83,90 EUR
                                                         <br/>
                                                         <div class="tax_info">
                                                          [inkl. 19% MwSt zzgl.
                                                          <a class="tax_info" href="https://www.aquafair.de/shipping.php?osCsid=d608357305b12187b01c937a8456ed8d">
                                                           <u>
                                                            Versandkosten.
                                                           </u>
                                                          </a>
                                                          ]
                                                         </div>
                                                         Grundpreis: 3,36 €/kg
                                                         <br/>
                                                        </span>
                                                        <br/>
                                                        <center>
                                                         <a href="https://www.aquafair.de/product_info.php/products_id/3076?osCsid=d608357305b12187b01c937a8456ed8d">
                                                          <img alt="Hang On Kühlventilator W-8" border="0" height="150" src="images/Hang-On W-8 Aquarienventilator-150x150.jpg" title=" Hang On Kühlventilator W-8 " width="150"/>
                                                         </a>
                                                         <br/>
                                                         <a href="https://www.aquafair.de/product_info.php/products_id/3076?osCsid=d608357305b12187b01c937a8456ed8d">
                                                          Hang On Kühlventilator W-8
                                                         </a>
                                                         <br/>
                                                         Ehemaliger Verkäuferpreis
                                                         <s>
                                                          33,90 EUR
                                                         </s>
                                                         <br/>
                                                         jetzt nur
                                                         <span class="productSpecialPrice">
                                                          27,91 EUR
                                                          <br/>
                                                          <div class="tax_info">
                                                           [inkl. 19% MwSt zzgl.
                                                           <a class="tax_info" href="https://www.aquafair.de/shipping.php?osCsid=d608357305b12187b01c937a8456ed8d">
                                                            <u>
                                                             Versandkosten.
                                                            </u>
                                                           </a>
                                                           ]
                                                          </div>
                                                          <br/>
                                                         </span>
                                                         <br/>
                                                         <center>
                                                          <a href="https://www.aquafair.de/product_info.php/products_id/5398?osCsid=d608357305b12187b01c937a8456ed8d">
                                                           <img alt="ATI Hybrid LED-Powermodul 6x80 Watt T5+4x75 Watt LED+Röhren" border="0" height="150" src="images/ATI_LED_PM_Mont2-150x150.jpg" title=" ATI Hybrid LED-Powermodul 6x80 Watt T5+4x75 Watt LED+Röhren " width="150"/>
                                                          </a>
                                                          <br/>
                                                          <a href="https://www.aquafair.de/product_info.php/products_id/5398?osCsid=d608357305b12187b01c937a8456ed8d">
                                                           ATI Hybrid LED-Powermodul 6x80 Watt T5+4x75 Watt LED+Röhren
                                                          </a>
                                                          <br/>
                                                          Ehemaliger Verkäuferpreis
                                                          <s>
                                                           1.799,00 EUR
                                                          </s>
                                                          <br/>
                                                          jetzt nur
                                                          <span class="productSpecialPrice">
                                                           1.629,90 EUR
                                                           <br/>
                                                           <div class="tax_info">
                                                            [inkl. 19% MwSt zzgl.
                                                            <a class="tax_info" href="https://www.aquafair.de/shipping.php?osCsid=d608357305b12187b01c937a8456ed8d">
                                                             <u>
                                                              Versandkosten.
                                                             </u>
                                                            </a>
                                                            ]
                                                           </div>
                                                           Neue Version mit WIFI!
                                                           <br/>
                                                          </span>
                                                          <br/>
                                                          <center>
                                                           <a href="https://www.aquafair.de/product_info.php/products_id/5196?osCsid=d608357305b12187b01c937a8456ed8d">
                                                            <img alt="Philips CoralCare LED VERSION 2018 Set 4 Grau" border="0" height="150" src="images/Philips CoralCare 3 Farben Produktbild-150x150.jpg" title=" Philips CoralCare LED VERSION 2018 Set 4 Grau " width="150"/>
                                                           </a>
                                                           <br/>
                                                           <a href="https://www.aquafair.de/product_info.php/products_id/5196?osCsid=d608357305b12187b01c937a8456ed8d">
                                                            Philips CoralCare LED VERSION 2018 Set 4 Grau
                                                           </a>
                                                           <br/>
                                                           Ehemaliger Verkäuferpreis
                                                           <s>
                                                            2.925,00 EUR
                                                           </s>
                                                           <br/>
                                                           jetzt nur
                                                           <span class="productSpecialPrice">
                                                            2.665,99 EUR
                                                            <br/>
                                                            <div class="tax_info">
                                                             [inkl. 19% MwSt zzgl.
                                                             <a class="tax_info" href="https://www.aquafair.de/shipping.php?osCsid=d608357305b12187b01c937a8456ed8d">
                                                              <u>
                                                               Versandkosten.
                                                              </u>
                                                             </a>
                                                             ]
                                                            </div>
                                                            NEUE VERSION 2018!
                                                            <br/>
                                                           </span>
                                                           <br/>
                                                           <center>
                                                            <a href="https://www.aquafair.de/product_info.php/products_id/3839?osCsid=d608357305b12187b01c937a8456ed8d">
                                                             <img alt="ATI Fiji White Sand L, 2 - 3 mm, 9,07 kg" border="0" height="150" src="images/ATISandPB-150x150.jpg" title=" ATI Fiji White Sand L, 2 - 3 mm, 9,07 kg " width="150"/>
                                                            </a>
                                                            <br/>
                                                            <a href="https://www.aquafair.de/product_info.php/products_id/3839?osCsid=d608357305b12187b01c937a8456ed8d">
                                                             ATI Fiji White Sand L, 2 - 3 mm, 9,07 kg
                                                            </a>
                                                            <br/>
                                                            Ehemaliger Verkäuferpreis
                                                            <s>
                                                             17,90 EUR
                                                            </s>
                                                            <br/>
                                                            jetzt nur
                                                            <span class="productSpecialPrice">
                                                             16,11 EUR
                                                             <br/>
                                                             <div class="tax_info">
                                                              [inkl. 19% MwSt zzgl.
                                                              <a class="tax_info" href="https://www.aquafair.de/shipping.php?osCsid=d608357305b12187b01c937a8456ed8d">
                                                               <u>
                                                                Versandkosten.
                                                               </u>
                                                              </a>
                                                              ]
                                                             </div>
                                                             Grundpreis: 1,78 €/kg
                                                             <br/>
                                                            </span>
                                                            <br/>
                                                            <center>
                                                             <a href="https://www.aquafair.de/product_info.php/products_id/5392?osCsid=d608357305b12187b01c937a8456ed8d">
                                                              <img alt="ATI Hybrid LED-Powermodul 6x24 Watt T5+1x75 Watt LED+Röhren" border="0" height="150" src="images/ATI_LED_PM_Mont2-150x150.jpg" title=" ATI Hybrid LED-Powermodul 6x24 Watt T5+1x75 Watt LED+Röhren " width="150"/>
                                                             </a>
                                                             <br/>
                                                             <a href="https://www.aquafair.de/product_info.php/products_id/5392?osCsid=d608357305b12187b01c937a8456ed8d">
                                                              ATI Hybrid LED-Powermodul 6x24 Watt T5+1x75 Watt LED+Röhren
                                                             </a>
                                                             <br/>
                                                             Ehemaliger Verkäuferpreis
                                                             <s>
                                                              1.029,00 EUR
                                                             </s>
                                                             <br/>
                                                             jetzt nur
                                                             <span class="productSpecialPrice">
                                                              939,90 EUR
                                                              <br/>
                                                              <div class="tax_info">
                                                               [inkl. 19% MwSt zzgl.
                                                               <a class="tax_info" href="https://www.aquafair.de/shipping.php?osCsid=d608357305b12187b01c937a8456ed8d">
                                                                <u>
                                                                 Versandkosten.
                                                                </u>
                                                               </a>
                                                               ]
                                                              </div>
                                                              Neue Version mit WIFI!
                                                              <br/>
                                                             </span>
                                                             <br/>
                                                             <center>
                                                              <a href="https://www.aquafair.de/product_info.php/products_id/5604?osCsid=d608357305b12187b01c937a8456ed8d">
                                                               <img alt="Philips CoralCare LED VERSION 2018 Set 4 Schwarz" border="0" height="150" src="images/Philips CoralCare 3 Farben Produktbild-150x150.jpg" title=" Philips CoralCare LED VERSION 2018 Set 4 Schwarz " width="150"/>
                                                              </a>
                                                              <br/>
                                                              <a href="https://www.aquafair.de/product_info.php/products_id/5604?osCsid=d608357305b12187b01c937a8456ed8d">
                                                               Philips CoralCare LED VERSION 2018 Set 4 Schwarz
                                                              </a>
                                                              <br/>
                                                              Ehemaliger Verkäuferpreis
                                                              <s>
                                                               2.925,00 EUR
                                                              </s>
                                                              <br/>
                                                              jetzt nur
                                                              <span class="productSpecialPrice">
                                                               2.665,99 EUR
                                                               <br/>
                                                               <div class="tax_info">
                                                                [inkl. 19% MwSt zzgl.
                                                                <a class="tax_info" href="https://www.aquafair.de/shipping.php?osCsid=d608357305b12187b01c937a8456ed8d">
                                                                 <u>
                                                                  Versandkosten.
                                                                 </u>
                                                                </a>
                                                                ]
                                                               </div>
                                                               NEUE VERSION 2018!
                                                               <br/>
                                                              </span>
                                                              <br/>
                                                              <center>
                                                               <a href="https://www.aquafair.de/product_info.php/products_id/5395?osCsid=d608357305b12187b01c937a8456ed8d">
                                                                <img alt="ATI Hybrid LED-Powermodul 6x54 Watt T5+3x75 Watt LED" border="0" height="150" src="images/ATI_LED_PM_Mont2-150x150.jpg" title=" ATI Hybrid LED-Powermodul 6x54 Watt T5+3x75 Watt LED " width="150"/>
                                                               </a>
                                                               <br/>
                                                               <a href="https://www.aquafair.de/product_info.php/products_id/5395?osCsid=d608357305b12187b01c937a8456ed8d">
                                                                ATI Hybrid LED-Powermodul 6x54 Watt T5+3x75 Watt LED
                                                               </a>
                                                               <br/>
                                                               Ehemaliger Verkäuferpreis
                                                               <s>
                                                                1.489,00 EUR
                                                               </s>
                                                               <br/>
                                                               jetzt nur
                                                               <span class="productSpecialPrice">
                                                                1.349,90 EUR
                                                                <br/>
                                                                <div class="tax_info">
                                                                 [inkl. 19% MwSt zzgl.
                                                                 <a class="tax_info" href="https://www.aquafair.de/shipping.php?osCsid=d608357305b12187b01c937a8456ed8d">
                                                                  <u>
                                                                   Versandkosten.
                                                                  </u>
                                                                 </a>
                                                                 ]
                                                                </div>
                                                                Neue Version mit WIFI!
                                                                <br/>
                                                               </span>
                                                               <br/>
                                                               <center>
                                                                <a href="https://www.aquafair.de/product_info.php/products_id/3453?osCsid=d608357305b12187b01c937a8456ed8d">
                                                                 <img alt="ATI Hybrid LED-Powermodul 8x54 Watt T5+3x75 Watt LED" border="0" height="150" src="images/ATI_LED_PM_Mont2-150x150.jpg" title=" ATI Hybrid LED-Powermodul 8x54 Watt T5+3x75 Watt LED " width="150"/>
                                                                </a>
                                                                <br/>
                                                                <a href="https://www.aquafair.de/product_info.php/products_id/3453?osCsid=d608357305b12187b01c937a8456ed8d">
                                                                 ATI Hybrid LED-Powermodul 8x54 Watt T5+3x75 Watt LED
                                                                </a>
                                                                <br/>
                                                                Ehemaliger Verkäuferpreis
                                                                <s>
                                                                 1.575,00 EUR
                                                                </s>
                                                                <br/>
                                                                jetzt nur
                                                                <span class="productSpecialPrice">
                                                                 1.429,90 EUR
                                                                 <br/>
                                                                 <div class="tax_info">
                                                                  [inkl. 19% MwSt zzgl.
                                                                  <a class="tax_info" href="https://www.aquafair.de/shipping.php?osCsid=d608357305b12187b01c937a8456ed8d">
                                                                   <u>
                                                                    Versandkosten.
                                                                   </u>
                                                                  </a>
                                                                  ]
                                                                 </div>
                                                                 Neue Version mit WIFI!
                                                                 <br/>
                                                                </span>
                                                                <br/>
                                                                <center>
                                                                 <a href="https://www.aquafair.de/product_info.php/products_id/5396?osCsid=d608357305b12187b01c937a8456ed8d">
                                                                  <img alt="ATI Hybrid LED-Powermodul 6x54 Watt T5+3x75 Watt LED+Röhren" border="0" height="150" src="images/ATI_LED_PM_Mont2-150x150.jpg" title=" ATI Hybrid LED-Powermodul 6x54 Watt T5+3x75 Watt LED+Röhren " width="150"/>
                                                                 </a>
                                                                 <br/>
                                                                 <a href="https://www.aquafair.de/product_info.php/products_id/5396?osCsid=d608357305b12187b01c937a8456ed8d">
                                                                  ATI Hybrid LED-Powermodul 6x54 Watt T5+3x75 Watt LED+Röhren
                                                                 </a>
                                                                 <br/>
                                                                 Ehemaliger Verkäuferpreis
                                                                 <s>
                                                                  1.579,00 EUR
                                                                 </s>
                                                                 <br/>
                                                                 jetzt nur
                                                                 <span class="productSpecialPrice">
                                                                  1.444,90 EUR
                                                                  <br/>
                                                                  <div class="tax_info">
                                                                   [inkl. 19% MwSt zzgl.
                                                                   <a class="tax_info" href="https://www.aquafair.de/shipping.php?osCsid=d608357305b12187b01c937a8456ed8d">
                                                                    <u>
                                                                     Versandkosten.
                                                                    </u>
                                                                   </a>
                                                                   ]
                                                                  </div>
                                                                  Neue Version mit WIFI!
                                                                  <br/>
                                                                 </span>
                                                                 <br/>
                                                                 <center>
                                                                  <a href="https://www.aquafair.de/product_info.php/products_id/3454?osCsid=d608357305b12187b01c937a8456ed8d">
                                                                   <img alt="ATI Hybrid LED-Powermodul 8x80 Watt T5+4x75 Watt LED" border="0" height="150" src="images/ATI_LED_PM_Mont2-150x150.jpg" title=" ATI Hybrid LED-Powermodul 8x80 Watt T5+4x75 Watt LED " width="150"/>
                                                                  </a>
                                                                  <br/>
                                                                  <a href="https://www.aquafair.de/product_info.php/products_id/3454?osCsid=d608357305b12187b01c937a8456ed8d">
                                                                   ATI Hybrid LED-Powermodul 8x80 Watt T5+4x75 Watt LED
                                                                  </a>
                                                                  <br/>
                                                                  Ehemaliger Verkäuferpreis
                                                                  <s>
                                                                   1.845,00 EUR
                                                                  </s>
                                                                  <br/>
                                                                  jetzt nur
                                                                  <span class="productSpecialPrice">
                                                                   1.679,90 EUR
                                                                   <br/>
                                                                   <div class="tax_info">
                                                                    [inkl. 19% MwSt zzgl.
                                                                    <a class="tax_info" href="https://www.aquafair.de/shipping.php?osCsid=d608357305b12187b01c937a8456ed8d">
                                                                     <u>
                                                                      Versandkosten.
                                                                     </u>
                                                                    </a>
                                                                    ]
                                                                   </div>
                                                                   Neue Version mit WIFI!
                                                                   <br/>
                                                                  </span>
                                                                  <br/>
                                                                  <center>
                                                                   <a href="https://www.aquafair.de/product_info.php/products_id/3717?osCsid=d608357305b12187b01c937a8456ed8d">
                                                                    <img alt="ATI Hybrid LED-Powermodul 4x39 Watt T5+2x75 Watt LED+Röhren" border="0" height="150" src="images/ATI_LED_PM_Mont2-150x150.jpg" title=" ATI Hybrid LED-Powermodul 4x39 Watt T5+2x75 Watt LED+Röhren " width="150"/>
                                                                   </a>
                                                                   <br/>
                                                                   <a href="https://www.aquafair.de/product_info.php/products_id/3717?osCsid=d608357305b12187b01c937a8456ed8d">
                                                                    ATI Hybrid LED-Powermodul 4x39 Watt T5+2x75 Watt LED+Röhren
                                                                   </a>
                                                                   <br/>
                                                                   Ehemaliger Verkäuferpreis
                                                                   <s>
                                                                    1.199,00 EUR
                                                                   </s>
                                                                   <br/>
                                                                   jetzt nur
                                                                   <span class="productSpecialPrice">
                                                                    1.113,90 EUR
                                                                    <br/>
                                                                    <div class="tax_info">
                                                                     [inkl. 19% MwSt zzgl.
                                                                     <a class="tax_info" href="https://www.aquafair.de/shipping.php?osCsid=d608357305b12187b01c937a8456ed8d">
                                                                      <u>
                                                                       Versandkosten.
                                                                      </u>
                                                                     </a>
                                                                     ]
                                                                    </div>
                                                                    Neue Version mit WIFI!
                                                                    <br/>
                                                                   </span>
                                                                   <br/>
                                                                   <center>
                                                                    <a href="https://www.aquafair.de/product_info.php/products_id/3756?osCsid=d608357305b12187b01c937a8456ed8d">
                                                                     <img alt="ATI Jebao OW-10 Strömungspumpe, 500 - 4.000 l/h" border="0" height="150" src="images/Jebao OW-10 Stroemungspumpe-150x150.jpg" title=" ATI Jebao OW-10 Strömungspumpe, 500 - 4.000 l/h " width="150"/>
                                                                    </a>
                                                                    <br/>
                                                                    <a href="https://www.aquafair.de/product_info.php/products_id/3756?osCsid=d608357305b12187b01c937a8456ed8d">
                                                                     ATI Jebao OW-10 Strömungspumpe, 500 - 4.000 l/h
                                                                    </a>
                                                                    <br/>
                                                                    Ehemaliger Verkäuferpreis
                                                                    <s>
                                                                     65,00 EUR
                                                                    </s>
                                                                    <br/>
                                                                    jetzt nur
                                                                    <span class="productSpecialPrice">
                                                                     59,90 EUR
                                                                     <br/>
                                                                     <div class="tax_info">
                                                                      [inkl. 19% MwSt zzgl.
                                                                      <a class="tax_info" href="https://www.aquafair.de/shipping.php?osCsid=d608357305b12187b01c937a8456ed8d">
                                                                       <u>
                                                                        Versandkosten.
                                                                       </u>
                                                                      </a>
                                                                      ]
                                                                     </div>
                                                                     <br/>
                                                                    </span>
                                                                    <br/>
                                                                    <center>
                                                                     <a href="https://www.aquafair.de/product_info.php/products_id/2757?osCsid=d608357305b12187b01c937a8456ed8d">
                                                                      <img alt="Aqua Light 12V-Mini-Wassernachfüllanlage mit Schwimmschalter" border="0" height="150" src="images/Aqualight WlC-01-150x150.jpg" title=" Aqua Light 12V-Mini-Wassernachfüllanlage mit Schwimmschalter " width="150"/>
                                                                     </a>
                                                                     <br/>
                                                                     <a href="https://www.aquafair.de/product_info.php/products_id/2757?osCsid=d608357305b12187b01c937a8456ed8d">
                                                                      Aqua Light 12V-Mini-Wassernachfüllanlage mit Schwimmschalter
                                                                     </a>
                                                                     <br/>
                                                                     Ehemaliger Verkäuferpreis
                                                                     <s>
                                                                      37,90 EUR
                                                                     </s>
                                                                     <br/>
                                                                     jetzt nur
                                                                     <span class="productSpecialPrice">
                                                                      34,90 EUR
                                                                      <br/>
                                                                      <div class="tax_info">
                                                                       [inkl. 19% MwSt zzgl.
                                                                       <a class="tax_info" href="https://www.aquafair.de/shipping.php?osCsid=d608357305b12187b01c937a8456ed8d">
                                                                        <u>
                                                                         Versandkosten.
                                                                        </u>
                                                                       </a>
                                                                       ]
                                                                      </div>
                                                                      <br/>
                                                                     </span>
                                                                     <br/>
                                                                     <center>
                                                                      <a href="https://www.aquafair.de/product_info.php/products_id/3359?osCsid=d608357305b12187b01c937a8456ed8d">
                                                                       <img alt="Deltec SC 1455 Innenabschäumer" border="0" height="150" src="images/SC1455-150x150.jpg" title=" Deltec SC 1455 Innenabschäumer " width="150"/>
                                                                      </a>
                                                                      <br/>
                                                                      <a href="https://www.aquafair.de/product_info.php/products_id/3359?osCsid=d608357305b12187b01c937a8456ed8d">
                                                                       Deltec SC 1455 Innenabschäumer
                                                                      </a>
                                                                      <br/>
                                                                      Ehemaliger Verkäuferpreis
                                                                      <s>
                                                                       299,00 EUR
                                                                      </s>
                                                                      <br/>
                                                                      jetzt nur
                                                                      <span class="productSpecialPrice">
                                                                       274,50 EUR
                                                                       <br/>
                                                                       <div class="tax_info">
                                                                        [inkl. 19% MwSt zzgl.
                                                                        <a class="tax_info" href="https://www.aquafair.de/shipping.php?osCsid=d608357305b12187b01c937a8456ed8d">
                                                                         <u>
                                                                          Versandkosten.
                                                                         </u>
                                                                        </a>
                                                                        ]
                                                                       </div>
                                                                       Versandkostenfrei in DE
                                                                       <br/>
                                                                      </span>
                                                                      <br/>
                                                                      <center>
                                                                       <a href="https://www.aquafair.de/product_info.php/products_id/3716?osCsid=d608357305b12187b01c937a8456ed8d">
                                                                        <img alt="ATI Hybrid LED-Powermodul 4x24 Watt T5+1x75 Watt LED+Röhren" border="0" height="150" src="images/ATI_LED_PM_Mont2-150x150.jpg" title=" ATI Hybrid LED-Powermodul 4x24 Watt T5+1x75 Watt LED+Röhren " width="150"/>
                                                                       </a>
                                                                       <br/>
                                                                       <a href="https://www.aquafair.de/product_info.php/products_id/3716?osCsid=d608357305b12187b01c937a8456ed8d">
                                                                        ATI Hybrid LED-Powermodul 4x24 Watt T5+1x75 Watt LED+Röhren
                                                                       </a>
                                                                       <br/>
                                                                       Ehemaliger Verkäuferpreis
                                                                       <s>
                                                                        899,00 EUR
                                                                       </s>
                                                                       <br/>
                                                                       jetzt nur
                                                                       <span class="productSpecialPrice">
                                                                        853,90 EUR
                                                                        <br/>
                                                                        <div class="tax_info">
                                                                         [inkl. 19% MwSt zzgl.
                                                                         <a class="tax_info" href="https://www.aquafair.de/shipping.php?osCsid=d608357305b12187b01c937a8456ed8d">
                                                                          <u>
                                                                           Versandkosten.
                                                                          </u>
                                                                         </a>
                                                                         ]
                                                                        </div>
                                                                        Neue Version mit WIFI!
                                                                        <br/>
                                                                       </span>
                                                                       <br/>
                                                                       <center>
                                                                        <a href="https://www.aquafair.de/product_info.php/products_id/5194?osCsid=d608357305b12187b01c937a8456ed8d">
                                                                         <img alt="Philips CoralCare LED VERSION 2018 Set 1 Grau" border="0" height="150" src="images/Philips CoralCare 3 Farben Produktbild-150x150.jpg" title=" Philips CoralCare LED VERSION 2018 Set 1 Grau " width="150"/>
                                                                        </a>
                                                                        <br/>
                                                                        <a href="https://www.aquafair.de/product_info.php/products_id/5194?osCsid=d608357305b12187b01c937a8456ed8d">
                                                                         Philips CoralCare LED VERSION 2018 Set 1 Grau
                                                                        </a>
                                                                        <br/>
                                                                        Ehemaliger Verkäuferpreis
                                                                        <s>
                                                                         799,00 EUR
                                                                        </s>
                                                                        <br/>
                                                                        jetzt nur
                                                                        <span class="productSpecialPrice">
                                                                         738,99 EUR
                                                                         <br/>
                                                                         <div class="tax_info">
                                                                          [inkl. 19% MwSt zzgl.
                                                                          <a class="tax_info" href="https://www.aquafair.de/shipping.php?osCsid=d608357305b12187b01c937a8456ed8d">
                                                                           <u>
                                                                            Versandkosten.
                                                                           </u>
                                                                          </a>
                                                                          ]
                                                                         </div>
                                                                         NEUE VERSION 2018!
                                                                         <br/>
                                                                        </span>
                                                                        <br/>
                                                                        <center>
                                                                         <a href="https://www.aquafair.de/product_info.php/products_id/3722?osCsid=d608357305b12187b01c937a8456ed8d">
                                                                          <img alt="ATI Hybrid LED-Powermodul 8x54 Watt T5+3x75 Watt LED+Röhren" border="0" height="150" src="images/ATI_LED_PM_Mont2-150x150.jpg" title=" ATI Hybrid LED-Powermodul 8x54 Watt T5+3x75 Watt LED+Röhren " width="150"/>
                                                                         </a>
                                                                         <br/>
                                                                         <a href="https://www.aquafair.de/product_info.php/products_id/3722?osCsid=d608357305b12187b01c937a8456ed8d">
                                                                          ATI Hybrid LED-Powermodul 8x54 Watt T5+3x75 Watt LED+Röhren
                                                                         </a>
                                                                         <br/>
                                                                         Ehemaliger Verkäuferpreis
                                                                         <s>
                                                                          1.709,00 EUR
                                                                         </s>
                                                                         <br/>
                                                                         jetzt nur
                                                                         <span class="productSpecialPrice">
                                                                          1.557,90 EUR
                                                                          <br/>
                                                                          <div class="tax_info">
                                                                           [inkl. 19% MwSt zzgl.
                                                                           <a class="tax_info" href="https://www.aquafair.de/shipping.php?osCsid=d608357305b12187b01c937a8456ed8d">
                                                                            <u>
                                                                             Versandkosten.
                                                                            </u>
                                                                           </a>
                                                                           ]
                                                                          </div>
                                                                          Neue Version mit WIFI!
                                                                          <br/>
                                                                         </span>
                                                                         <br/>
                                                                         <center>
                                                                          <a href="https://www.aquafair.de/product_info.php/products_id/4527?osCsid=d608357305b12187b01c937a8456ed8d">
                                                                           <img alt="ATI ICP-OES Wasseranalyse Set, 3 Testkit inkl. Messung UO-Wasser" border="0" height="150" src="images/ATI ICP-OES Wasseranalyse-150x150.jpg" title=" ATI ICP-OES Wasseranalyse Set, 3 Testkit inkl. Messung UO-Wasser " width="150"/>
                                                                          </a>
                                                                          <br/>
                                                                          <a href="https://www.aquafair.de/product_info.php/products_id/4527?osCsid=d608357305b12187b01c937a8456ed8d">
                                                                           ATI ICP-OES Wasseranalyse Set, 3 Testkit inkl. Messung UO-Wasser
                                                                          </a>
                                                                          <br/>
                                                                          Ehemaliger Verkäuferpreis
                                                                          <s>
                                                                           94,90 EUR
                                                                          </s>
                                                                          <br/>
                                                                          jetzt nur
                                                                          <span class="productSpecialPrice">
                                                                           89,20 EUR
                                                                           <br/>
                                                                           <div class="tax_info">
                                                                            [inkl. 19% MwSt zzgl.
                                                                            <a class="tax_info" href="https://www.aquafair.de/shipping.php?osCsid=d608357305b12187b01c937a8456ed8d">
                                                                             <u>
                                                                              Versandkosten.
                                                                             </u>
                                                                            </a>
                                                                            ]
                                                                           </div>
                                                                           Grundpreis: 31,63€/Stück
                                                                           <br/>
                                                                          </span>
                                                                          <br/>
                                                                          <center>
                                                                           <a href="https://www.aquafair.de/product_info.php/products_id/3721?osCsid=d608357305b12187b01c937a8456ed8d">
                                                                            <img alt="ATI Hybrid LED-Powermodul 8x39 Watt T5+2x75 Watt LED+Röhren" border="0" height="150" src="images/ATI_LED_PM_Mont2-150x150.jpg" title=" ATI Hybrid LED-Powermodul 8x39 Watt T5+2x75 Watt LED+Röhren " width="150"/>
                                                                           </a>
                                                                           <br/>
                                                                           <a href="https://www.aquafair.de/product_info.php/products_id/3721?osCsid=d608357305b12187b01c937a8456ed8d">
                                                                            ATI Hybrid LED-Powermodul 8x39 Watt T5+2x75 Watt LED+Röhren
                                                                           </a>
                                                                           <br/>
                                                                           Ehemaliger Verkäuferpreis
                                                                           <s>
                                                                            1.439,00 EUR
                                                                           </s>
                                                                           <br/>
                                                                           jetzt nur
                                                                           <span class="productSpecialPrice">
                                                                            1.294,90 EUR
                                                                            <br/>
                                                                            <div class="tax_info">
                                                                             [inkl. 19% MwSt zzgl.
                                                                             <a class="tax_info" href="https://www.aquafair.de/shipping.php?osCsid=d608357305b12187b01c937a8456ed8d">
                                                                              <u>
                                                                               Versandkosten.
                                                                              </u>
                                                                             </a>
                                                                             ]
                                                                            </div>
                                                                            Neue Version mit WIFI!
                                                                            <br/>
                                                                           </span>
                                                                           <br/>
                                                                           <center>
                                                                            <a href="https://www.aquafair.de/product_info.php/products_id/3451?osCsid=d608357305b12187b01c937a8456ed8d">
                                                                             <img alt="ATI Hybrid LED-Powermodul 8x24 Watt T5+1x75 Watt LED" border="0" height="150" src="images/ATI_LED_PM_Mont2-150x150.jpg" title=" ATI Hybrid LED-Powermodul 8x24 Watt T5+1x75 Watt LED " width="150"/>
                                                                            </a>
                                                                            <br/>
                                                                            <a href="https://www.aquafair.de/product_info.php/products_id/3451?osCsid=d608357305b12187b01c937a8456ed8d">
                                                                             ATI Hybrid LED-Powermodul 8x24 Watt T5+1x75 Watt LED
                                                                            </a>
                                                                            <br/>
                                                                            Ehemaliger Verkäuferpreis
                                                                            <s>
                                                                             1.125,00 EUR
                                                                            </s>
                                                                            <br/>
                                                                            jetzt nur
                                                                            <span class="productSpecialPrice">
                                                                             929,90 EUR
                                                                             <br/>
                                                                             <div class="tax_info">
                                                                              [inkl. 19% MwSt zzgl.
                                                                              <a class="tax_info" href="https://www.aquafair.de/shipping.php?osCsid=d608357305b12187b01c937a8456ed8d">
                                                                               <u>
                                                                                Versandkosten.
                                                                               </u>
                                                                              </a>
                                                                              ]
                                                                             </div>
                                                                             Neue Version mit WIFI!
                                                                             <br/>
                                                                            </span>
                                                                            <br/>
                                                                            <center>
                                                                             <a href="https://www.aquafair.de/product_info.php/products_id/3448?osCsid=d608357305b12187b01c937a8456ed8d">
                                                                              <img alt="ATI Hybrid LED-Powermodul 4x39 Watt T5+2x75 Watt LED" border="0" height="150" src="images/ATI_LED_PM_Mont2-150x150.jpg" title=" ATI Hybrid LED-Powermodul 4x39 Watt T5+2x75 Watt LED " width="150"/>
                                                                             </a>
                                                                             <br/>
                                                                             <a href="https://www.aquafair.de/product_info.php/products_id/3448?osCsid=d608357305b12187b01c937a8456ed8d">
                                                                              ATI Hybrid LED-Powermodul 4x39 Watt T5+2x75 Watt LED
                                                                             </a>
                                                                             <br/>
                                                                             Ehemaliger Verkäuferpreis
                                                                             <s>
                                                                              1.129,00 EUR
                                                                             </s>
                                                                             <br/>
                                                                             jetzt nur
                                                                             <span class="productSpecialPrice">
                                                                              1.049,90 EUR
                                                                              <br/>
                                                                              <div class="tax_info">
                                                                               [inkl. 19% MwSt zzgl.
                                                                               <a class="tax_info" href="https://www.aquafair.de/shipping.php?osCsid=d608357305b12187b01c937a8456ed8d">
                                                                                <u>
                                                                                 Versandkosten.
                                                                                </u>
                                                                               </a>
                                                                               ]
                                                                              </div>
                                                                              Neue Version mit WIFI!
                                                                              <br/>
                                                                             </span>
                                                                             <br/>
                                                                             <center>
                                                                              <a href="https://www.aquafair.de/product_info.php/products_id/5600?osCsid=d608357305b12187b01c937a8456ed8d">
                                                                               <img alt="Philips CoralCare LED VERSION 2018 Set 1 Schwarz" border="0" height="150" src="images/Philips CoralCare 3 Farben Produktbild-150x150.jpg" title=" Philips CoralCare LED VERSION 2018 Set 1 Schwarz " width="150"/>
                                                                              </a>
                                                                              <br/>
                                                                              <a href="https://www.aquafair.de/product_info.php/products_id/5600?osCsid=d608357305b12187b01c937a8456ed8d">
                                                                               Philips CoralCare LED VERSION 2018 Set 1 Schwarz
                                                                              </a>
                                                                              <br/>
                                                                              Ehemaliger Verkäuferpreis
                                                                              <s>
                                                                               799,00 EUR
                                                                              </s>
                                                                              <br/>
                                                                              jetzt nur
                                                                              <span class="productSpecialPrice">
                                                                               738,99 EUR
                                                                               <br/>
                                                                               <div class="tax_info">
                                                                                [inkl. 19% MwSt zzgl.
                                                                                <a class="tax_info" href="https://www.aquafair.de/shipping.php?osCsid=d608357305b12187b01c937a8456ed8d">
                                                                                 <u>
                                                                                  Versandkosten.
                                                                                 </u>
                                                                                </a>
                                                                                ]
                                                                               </div>
                                                                               NEUE VERSION 2018!
                                                                               <br/>
                                                                              </span>
                                                                              <br/>
                                                                              <center>
                                                                               <a href="https://www.aquafair.de/product_info.php/products_id/2468?osCsid=d608357305b12187b01c937a8456ed8d">
                                                                                <img alt="Bubble Magus Abschäumer BM150Pro" border="0" height="150" src="images/BM150Pro-150x150.jpg" title=" Bubble Magus Abschäumer BM150Pro " width="150"/>
                                                                               </a>
                                                                               <br/>
                                                                               <a href="https://www.aquafair.de/product_info.php/products_id/2468?osCsid=d608357305b12187b01c937a8456ed8d">
                                                                                Bubble Magus Abschäumer BM150Pro
                                                                               </a>
                                                                               <br/>
                                                                               Ehemaliger Verkäuferpreis
                                                                               <s>
                                                                                219,00 EUR
                                                                               </s>
                                                                               <br/>
                                                                               jetzt nur
                                                                               <span class="productSpecialPrice">
                                                                                207,99 EUR
                                                                                <br/>
                                                                                <div class="tax_info">
                                                                                 [inkl. 19% MwSt zzgl.
                                                                                 <a class="tax_info" href="https://www.aquafair.de/shipping.php?osCsid=d608357305b12187b01c937a8456ed8d">
                                                                                  <u>
                                                                                   Versandkosten.
                                                                                  </u>
                                                                                 </a>
                                                                                 ]
                                                                                </div>
                                                                                Versandkostenfrei!
                                                                                <br/>
                                                                               </span>
                                                                               <br/>
                                                                               <center>
                                                                                <a href="https://www.aquafair.de/product_info.php/products_id/544?osCsid=d608357305b12187b01c937a8456ed8d">
                                                                                 <img alt="Aquarienventilator StarWind II" border="0" height="150" src="images/Starwind2 Aquarienventilator-150x150.jpg" title=" Aquarienventilator StarWind II " width="150"/>
                                                                                </a>
                                                                                <br/>
                                                                                <a href="https://www.aquafair.de/product_info.php/products_id/544?osCsid=d608357305b12187b01c937a8456ed8d">
                                                                                 Aquarienventilator StarWind II
                                                                                </a>
                                                                                <br/>
                                                                                Ehemaliger Verkäuferpreis
                                                                                <s>
                                                                                 29,95 EUR
                                                                                </s>
                                                                                <br/>
                                                                                jetzt nur
                                                                                <span class="productSpecialPrice">
                                                                                 24,89 EUR
                                                                                 <br/>
                                                                                 <div class="tax_info">
                                                                                  [inkl. 19% MwSt zzgl.
                                                                                  <a class="tax_info" href="https://www.aquafair.de/shipping.php?osCsid=d608357305b12187b01c937a8456ed8d">
                                                                                   <u>
                                                                                    Versandkosten.
                                                                                   </u>
                                                                                  </a>
                                                                                  ]
                                                                                 </div>
                                                                                 <br/>
                                                                                </span>
                                                                                <br/>
                                                                                <center>
                                                                                 <a href="https://www.aquafair.de/product_info.php/products_id/2267?osCsid=d608357305b12187b01c937a8456ed8d">
                                                                                  <img alt="Fauna Marin Balling Salze Magnesium-Mix, 4 kg" border="0" height="150" src="images/Fauna Marin Magnesium Mix 4 kg-150x150.jpg" title=" Fauna Marin Balling Salze Magnesium-Mix, 4 kg " width="150"/>
                                                                                 </a>
                                                                                 <br/>
                                                                                 <a href="https://www.aquafair.de/product_info.php/products_id/2267?osCsid=d608357305b12187b01c937a8456ed8d">
                                                                                  Fauna Marin Balling Salze Magnesium-Mix, 4 kg
                                                                                 </a>
                                                                                 <br/>
                                                                                 Ehemaliger Verkäuferpreis
                                                                                 <s>
                                                                                  38,95 EUR
                                                                                 </s>
                                                                                 <br/>
                                                                                 jetzt nur
                                                                                 <span class="productSpecialPrice">
                                                                                  35,06 EUR
                                                                                  <br/>
                                                                                  <div class="tax_info">
                                                                                   [inkl. 19% MwSt zzgl.
                                                                                   <a class="tax_info" href="https://www.aquafair.de/shipping.php?osCsid=d608357305b12187b01c937a8456ed8d">
                                                                                    <u>
                                                                                     Versandkosten.
                                                                                    </u>
                                                                                   </a>
                                                                                   ]
                                                                                  </div>
                                                                                  Grundpreis: 9,74 €/kg
                                                                                  <br/>
                                                                                 </span>
                                                                                 <br/>
                                                                                 <center>
                                                                                  <a href="https://www.aquafair.de/product_info.php/products_id/5596?osCsid=d608357305b12187b01c937a8456ed8d">
                                                                                   <img alt="Philips CoralCare LED VERSION 2018 Set 2 Weiß" border="0" height="150" src="images/Philips CoralCare 3 Farben Produktbild-150x150.jpg" title=" Philips CoralCare LED VERSION 2018 Set 2 Weiß " width="150"/>
                                                                                  </a>
                                                                                  <br/>
                                                                                  <a href="https://www.aquafair.de/product_info.php/products_id/5596?osCsid=d608357305b12187b01c937a8456ed8d">
                                                                                   Philips CoralCare LED VERSION 2018 Set 2 Weiß
                                                                                  </a>
                                                                                  <br/>
                                                                                  Ehemaliger Verkäuferpreis
                                                                                  <s>
                                                                                   1.500,00 EUR
                                                                                  </s>
                                                                                  <br/>
                                                                                  jetzt nur
                                                                                  <span class="productSpecialPrice">
                                                                                   1.384,99 EUR
                                                                                   <br/>
                                                                                   <div class="tax_info">
                                                                                    [inkl. 19% MwSt zzgl.
                                                                                    <a class="tax_info" href="https://www.aquafair.de/shipping.php?osCsid=d608357305b12187b01c937a8456ed8d">
                                                                                     <u>
                                                                                      Versandkosten.
                                                                                     </u>
                                                                                    </a>
                                                                                    ]
                                                                                   </div>
                                                                                   NEUE VERSION 2018!
                                                                                   <br/>
                                                                                  </span>
                                                                                  <br/>
                                                                                  <center>
                                                                                   <a href="https://www.aquafair.de/product_info.php/products_id/2533?osCsid=d608357305b12187b01c937a8456ed8d">
                                                                                    <img alt="Bubble Magus Abschäumer BM220CS Cone" border="0" height="150" src="images/BM220CS-Cone-150x150.jpg" title=" Bubble Magus Abschäumer BM220CS Cone " width="150"/>
                                                                                   </a>
                                                                                   <br/>
                                                                                   <a href="https://www.aquafair.de/product_info.php/products_id/2533?osCsid=d608357305b12187b01c937a8456ed8d">
                                                                                    Bubble Magus Abschäumer BM220CS Cone
                                                                                   </a>
                                                                                   <br/>
                                                                                   Ehemaliger Verkäuferpreis
                                                                                   <s>
                                                                                    541,00 EUR
                                                                                   </s>
                                                                                   <br/>
                                                                                   jetzt nur
                                                                                   <span class="productSpecialPrice">
                                                                                    518,84 EUR
                                                                                    <br/>
                                                                                    <div class="tax_info">
                                                                                     [inkl. 19% MwSt zzgl.
                                                                                     <a class="tax_info" href="https://www.aquafair.de/shipping.php?osCsid=d608357305b12187b01c937a8456ed8d">
                                                                                      <u>
                                                                                       Versandkosten.
                                                                                      </u>
                                                                                     </a>
                                                                                     ]
                                                                                    </div>
                                                                                    Versandkostenfrei!
                                                                                    <br/>
                                                                                   </span>
                                                                                   <br/>
                                                                                   <center>
                                                                                    <a href="https://www.aquafair.de/product_info.php/products_id/5598?osCsid=d608357305b12187b01c937a8456ed8d">
                                                                                     <img alt="Philips CoralCare LED VERSION 2018 Set 4 Weiß" border="0" height="150" src="images/Philips CoralCare 3 Farben Produktbild-150x150.jpg" title=" Philips CoralCare LED VERSION 2018 Set 4 Weiß " width="150"/>
                                                                                    </a>
                                                                                    <br/>
                                                                                    <a href="https://www.aquafair.de/product_info.php/products_id/5598?osCsid=d608357305b12187b01c937a8456ed8d">
                                                                                     Philips CoralCare LED VERSION 2018 Set 4 Weiß
                                                                                    </a>
                                                                                    <br/>
                                                                                    Ehemaliger Verkäuferpreis
                                                                                    <s>
                                                                                     2.925,00 EUR
                                                                                    </s>
                                                                                    <br/>
                                                                                    jetzt nur
                                                                                    <span class="productSpecialPrice">
                                                                                     2.665,99 EUR
                                                                                     <br/>
                                                                                     <div class="tax_info">
                                                                                      [inkl. 19% MwSt zzgl.
                                                                                      <a class="tax_info" href="https://www.aquafair.de/shipping.php?osCsid=d608357305b12187b01c937a8456ed8d">
                                                                                       <u>
                                                                                        Versandkosten.
                                                                                       </u>
                                                                                      </a>
                                                                                      ]
                                                                                     </div>
                                                                                     NEUE VERSION 2018!
                                                                                     <br/>
                                                                                    </span>
                                                                                    <br/>
                                                                                    <center>
                                                                                     <a href="https://www.aquafair.de/product_info.php/products_id/5602?osCsid=d608357305b12187b01c937a8456ed8d">
                                                                                      <img alt="Philips CoralCare LED VERSION 2018 Set 2 Schwarz" border="0" height="150" src="images/Philips CoralCare 3 Farben Produktbild-150x150.jpg" title=" Philips CoralCare LED VERSION 2018 Set 2 Schwarz " width="150"/>
                                                                                     </a>
                                                                                     <br/>
                                                                                     <a href="https://www.aquafair.de/product_info.php/products_id/5602?osCsid=d608357305b12187b01c937a8456ed8d">
                                                                                      Philips CoralCare LED VERSION 2018 Set 2 Schwarz
                                                                                     </a>
                                                                                     <br/>
                                                                                     Ehemaliger Verkäuferpreis
                                                                                     <s>
                                                                                      1.500,00 EUR
                                                                                     </s>
                                                                                     <br/>
                                                                                     jetzt nur
                                                                                     <span class="productSpecialPrice">
                                                                                      1.384,99 EUR
                                                                                      <br/>
                                                                                      <div class="tax_info">
                                                                                       [inkl. 19% MwSt zzgl.
                                                                                       <a class="tax_info" href="https://www.aquafair.de/shipping.php?osCsid=d608357305b12187b01c937a8456ed8d">
                                                                                        <u>
                                                                                         Versandkosten.
                                                                                        </u>
                                                                                       </a>
                                                                                       ]
                                                                                      </div>
                                                                                      NEUE VERSION 2018!
                                                                                      <br/>
                                                                                     </span>
                                                                                     <br/>
                                                                                     <center>
                                                                                      <a href="https://www.aquafair.de/product_info.php/products_id/3360?osCsid=d608357305b12187b01c937a8456ed8d">
                                                                                       <img alt="Deltec SC 2060 Innenabschäumer" border="0" height="150" src="images/sc260-150x150.jpg" title=" Deltec SC 2060 Innenabschäumer " width="150"/>
                                                                                      </a>
                                                                                      <br/>
                                                                                      <a href="https://www.aquafair.de/product_info.php/products_id/3360?osCsid=d608357305b12187b01c937a8456ed8d">
                                                                                       Deltec SC 2060 Innenabschäumer
                                                                                      </a>
                                                                                      <br/>
                                                                                      Ehemaliger Verkäuferpreis
                                                                                      <s>
                                                                                       799,00 EUR
                                                                                      </s>
                                                                                      <br/>
                                                                                      jetzt nur
                                                                                      <span class="productSpecialPrice">
                                                                                       749,00 EUR
                                                                                       <br/>
                                                                                       <div class="tax_info">
                                                                                        [inkl. 19% MwSt zzgl.
                                                                                        <a class="tax_info" href="https://www.aquafair.de/shipping.php?osCsid=d608357305b12187b01c937a8456ed8d">
                                                                                         <u>
                                                                                          Versandkosten.
                                                                                         </u>
                                                                                        </a>
                                                                                        ]
                                                                                       </div>
                                                                                       Versandkostenfrei in DE
                                                                                       <br/>
                                                                                      </span>
                                                                                      <br/>
                                                                                      <center>
                                                                                       <a href="https://www.aquafair.de/product_info.php/products_id/3449?osCsid=d608357305b12187b01c937a8456ed8d">
                                                                                        <img alt="ATI Hybrid LED-Powermodul 4x54 Watt T5+3x75 Watt LED" border="0" height="150" src="images/ATI_LED_PM_Mont2-150x150.jpg" title=" ATI Hybrid LED-Powermodul 4x54 Watt T5+3x75 Watt LED " width="150"/>
                                                                                       </a>
                                                                                       <br/>
                                                                                       <a href="https://www.aquafair.de/product_info.php/products_id/3449?osCsid=d608357305b12187b01c937a8456ed8d">
                                                                                        ATI Hybrid LED-Powermodul 4x54 Watt T5+3x75 Watt LED
                                                                                       </a>
                                                                                       <br/>
                                                                                       Ehemaliger Verkäuferpreis
                                                                                       <s>
                                                                                        1.349,00 EUR
                                                                                       </s>
                                                                                       <br/>
                                                                                       jetzt nur
                                                                                       <span class="productSpecialPrice">
                                                                                        1.279,90 EUR
                                                                                        <br/>
                                                                                        <div class="tax_info">
                                                                                         [inkl. 19% MwSt zzgl.
                                                                                         <a class="tax_info" href="https://www.aquafair.de/shipping.php?osCsid=d608357305b12187b01c937a8456ed8d">
                                                                                          <u>
                                                                                           Versandkosten.
                                                                                          </u>
                                                                                         </a>
                                                                                         ]
                                                                                        </div>
                                                                                        Neue Version mit WIFI!
                                                                                        <br/>
                                                                                       </span>
                                                                                       <br/>
                                                                                       <center>
                                                                                        <a href="https://www.aquafair.de/product_info.php/products_id/2530?osCsid=d608357305b12187b01c937a8456ed8d">
                                                                                         <img alt="Bubble Magus Abschäumer BM155Pro" border="0" height="150" src="images/BM155Pro-150x150.jpg" title=" Bubble Magus Abschäumer BM155Pro " width="150"/>
                                                                                        </a>
                                                                                        <br/>
                                                                                        <a href="https://www.aquafair.de/product_info.php/products_id/2530?osCsid=d608357305b12187b01c937a8456ed8d">
                                                                                         Bubble Magus Abschäumer BM155Pro
                                                                                        </a>
                                                                                        <br/>
                                                                                        Ehemaliger Verkäuferpreis
                                                                                        <s>
                                                                                         219,00 EUR
                                                                                        </s>
                                                                                        <br/>
                                                                                        jetzt nur
                                                                                        <span class="productSpecialPrice">
                                                                                         207,99 EUR
                                                                                         <br/>
                                                                                         <div class="tax_info">
                                                                                          [inkl. 19% MwSt zzgl.
                                                                                          <a class="tax_info" href="https://www.aquafair.de/shipping.php?osCsid=d608357305b12187b01c937a8456ed8d">
                                                                                           <u>
                                                                                            Versandkosten.
                                                                                           </u>
                                                                                          </a>
                                                                                          ]
                                                                                         </div>
                                                                                         Versandkostenfrei!
                                                                                         <br/>
                                                                                        </span>
                                                                                        <br/>
                                                                                        <center>
                                                                                         <a href="https://www.aquafair.de/product_info.php/products_id/5535?osCsid=d608357305b12187b01c937a8456ed8d">
                                                                                          <img alt="Aqua Medic angel LED 200, schwarz" border="0" height="150" src="images/Aqua Medic angel LED 200 Schwarz-150x150.jpg" title=" Aqua Medic angel LED 200, schwarz " width="150"/>
                                                                                         </a>
                                                                                         <br/>
                                                                                         <a href="https://www.aquafair.de/product_info.php/products_id/5535?osCsid=d608357305b12187b01c937a8456ed8d">
                                                                                          Aqua Medic angel LED 200, schwarz
                                                                                         </a>
                                                                                         <br/>
                                                                                         Ehemaliger Verkäuferpreis
                                                                                         <s>
                                                                                          949,00 EUR
                                                                                         </s>
                                                                                         <br/>
                                                                                         jetzt nur
                                                                                         <span class="productSpecialPrice">
                                                                                          889,00 EUR
                                                                                          <br/>
                                                                                          <div class="tax_info">
                                                                                           [inkl. 19% MwSt zzgl.
                                                                                           <a class="tax_info" href="https://www.aquafair.de/shipping.php?osCsid=d608357305b12187b01c937a8456ed8d">
                                                                                            <u>
                                                                                             Versandkosten.
                                                                                            </u>
                                                                                           </a>
                                                                                           ]
                                                                                          </div>
                                                                                          Versandkostenfrei in DE!
                                                                                          <br/>
                                                                                         </span>
                                                                                         <br/>
                                                                                         <center>
                                                                                          <a href="https://www.aquafair.de/product_info.php/products_id/3735?osCsid=d608357305b12187b01c937a8456ed8d">
                                                                                           <img alt="Aquarienventilator StarWind II flexi" border="0" height="150" src="images/SW2flexi-150x150.jpg" title=" Aquarienventilator StarWind II flexi " width="150"/>
                                                                                          </a>
                                                                                          <br/>
                                                                                          <a href="https://www.aquafair.de/product_info.php/products_id/3735?osCsid=d608357305b12187b01c937a8456ed8d">
                                                                                           Aquarienventilator StarWind II flexi
                                                                                          </a>
                                                                                          <br/>
                                                                                          Ehemaliger Verkäuferpreis
                                                                                          <s>
                                                                                           34,00 EUR
                                                                                          </s>
                                                                                          <br/>
                                                                                          jetzt nur
                                                                                          <span class="productSpecialPrice">
                                                                                           29,90 EUR
                                                                                           <br/>
                                                                                           <div class="tax_info">
                                                                                            [inkl. 19% MwSt zzgl.
                                                                                            <a class="tax_info" href="https://www.aquafair.de/shipping.php?osCsid=d608357305b12187b01c937a8456ed8d">
                                                                                             <u>
                                                                                              Versandkosten.
                                                                                             </u>
                                                                                            </a>
                                                                                            ]
                                                                                           </div>
                                                                                           <br/>
                                                                                          </span>
                                                                                          <br/>
                                                                                          <center>
                                                                                           <a href="https://www.aquafair.de/product_info.php/products_id/3858?osCsid=d608357305b12187b01c937a8456ed8d">
                                                                                            <img alt="Theiling Rollermat Vliesfilter" border="0" height="150" src="images/Theiling Rollermat Vliesfilter-150x150.jpg" title=" Theiling Rollermat Vliesfilter " width="150"/>
                                                                                           </a>
                                                                                           <br/>
                                                                                           <a href="https://www.aquafair.de/product_info.php/products_id/3858?osCsid=d608357305b12187b01c937a8456ed8d">
                                                                                            Theiling Rollermat Vliesfilter
                                                                                           </a>
                                                                                           <br/>
                                                                                           Ehemaliger Verkäuferpreis
                                                                                           <s>
                                                                                            389,00 EUR
                                                                                           </s>
                                                                                           <br/>
                                                                                           jetzt nur
                                                                                           <span class="productSpecialPrice">
                                                                                            349,00 EUR
                                                                                            <br/>
                                                                                            <div class="tax_info">
                                                                                             [inkl. 19% MwSt zzgl.
                                                                                             <a class="tax_info" href="https://www.aquafair.de/shipping.php?osCsid=d608357305b12187b01c937a8456ed8d">
                                                                                              <u>
                                                                                               Versandkosten.
                                                                                              </u>
                                                                                             </a>
                                                                                             ]
                                                                                            </div>
                                                                                            Versandkostenfrei in DE!
                                                                                            <br/>
                                                                                           </span>
                                                                                           <br/>
                                                                                           <center>
                                                                                            <a href="https://www.aquafair.de/product_info.php/products_id/2531?osCsid=d608357305b12187b01c937a8456ed8d">
                                                                                             <img alt="Bubble Magus Abschäumer BM180CS Cone" border="0" height="150" src="images/BM180CS-Cone-150x150.jpg" title=" Bubble Magus Abschäumer BM180CS Cone " width="150"/>
                                                                                            </a>
                                                                                            <br/>
                                                                                            <a href="https://www.aquafair.de/product_info.php/products_id/2531?osCsid=d608357305b12187b01c937a8456ed8d">
                                                                                             Bubble Magus Abschäumer BM180CS Cone
                                                                                            </a>
                                                                                            <br/>
                                                                                            Ehemaliger Verkäuferpreis
                                                                                            <s>
                                                                                             299,00 EUR
                                                                                            </s>
                                                                                            <br/>
                                                                                            jetzt nur
                                                                                            <span class="productSpecialPrice">
                                                                                             284,99 EUR
                                                                                             <br/>
                                                                                             <div class="tax_info">
                                                                                              [inkl. 19% MwSt zzgl.
                                                                                              <a class="tax_info" href="https://www.aquafair.de/shipping.php?osCsid=d608357305b12187b01c937a8456ed8d">
                                                                                               <u>
                                                                                                Versandkosten.
                                                                                               </u>
                                                                                              </a>
                                                                                              ]
                                                                                             </div>
                                                                                             Versandkostenfrei!
                                                                                             <br/>
                                                                                            </span>
                                                                                            <br/>
                                                                                            <center>
                                                                                             <a href="https://www.aquafair.de/product_info.php/products_id/587?osCsid=d608357305b12187b01c937a8456ed8d">
                                                                                              <img alt="Aqua Medic Refractometer" border="0" height="150" src="images/refractometer-150x150.jpg" title=" Aqua Medic Refractometer " width="150"/>
                                                                                             </a>
                                                                                             <br/>
                                                                                             <a href="https://www.aquafair.de/product_info.php/products_id/587?osCsid=d608357305b12187b01c937a8456ed8d">
                                                                                              Aqua Medic Refractometer
                                                                                             </a>
                                                                                             <br/>
                                                                                             Ehemaliger Verkäuferpreis
                                                                                             <s>
                                                                                              85,00 EUR
                                                                                             </s>
                                                                                             <br/>
                                                                                             jetzt nur
                                                                                             <span class="productSpecialPrice">
                                                                                              79,00 EUR
                                                                                              <br/>
                                                                                              <div class="tax_info">
                                                                                               [inkl. 19% MwSt zzgl.
                                                                                               <a class="tax_info" href="https://www.aquafair.de/shipping.php?osCsid=d608357305b12187b01c937a8456ed8d">
                                                                                                <u>
                                                                                                 Versandkosten.
                                                                                                </u>
                                                                                               </a>
                                                                                               ]
                                                                                              </div>
                                                                                              Versandkostenfrei!
                                                                                              <br/>
                                                                                             </span>
                                                                                             <br/>
                                                                                             <center>
                                                                                              <a href="https://www.aquafair.de/product_info.php/products_id/5207?osCsid=d608357305b12187b01c937a8456ed8d">
                                                                                               <img alt="Tunze Turbelle® stream 3 6150  inkl. Controller (6150.000)" border="0" height="150" src="images/Tunze Turbelle stream 3-150x150.jpg" title=" Tunze Turbelle® stream 3 6150  inkl. Controller (6150.000) " width="150"/>
                                                                                              </a>
                                                                                              <br/>
                                                                                              <a href="https://www.aquafair.de/product_info.php/products_id/5207?osCsid=d608357305b12187b01c937a8456ed8d">
                                                                                               Tunze Turbelle® stream 3 6150  inkl. Controller (6150.000)
                                                                                              </a>
                                                                                              <br/>
                                                                                              Ehemaliger Verkäuferpreis
                                                                                              <s>
                                                                                               274,90 EUR
                                                                                              </s>
                                                                                              <br/>
                                                                                              jetzt nur
                                                                                              <span class="productSpecialPrice">
                                                                                               259,00 EUR
                                                                                               <br/>
                                                                                               <div class="tax_info">
                                                                                                [inkl. 19% MwSt zzgl.
                                                                                                <a class="tax_info" href="https://www.aquafair.de/shipping.php?osCsid=d608357305b12187b01c937a8456ed8d">
                                                                                                 <u>
                                                                                                  Versandkosten.
                                                                                                 </u>
                                                                                                </a>
                                                                                                ]
                                                                                               </div>
                                                                                               Versandkostenfrei in DE!
                                                                                               <br/>
                                                                                              </span>
                                                                                              <br/>
                                                                                              <center>
                                                                                               <a href="https://www.aquafair.de/product_info.php/products_id/3720?osCsid=d608357305b12187b01c937a8456ed8d">
                                                                                                <img alt="ATI Hybrid LED-Powermodul 8x24 Watt T5+1x75 Watt LED+Röhren" border="0" height="150" src="images/ATI_LED_PM_Mont2-150x150.jpg" title=" ATI Hybrid LED-Powermodul 8x24 Watt T5+1x75 Watt LED+Röhren " width="150"/>
                                                                                               </a>
                                                                                               <br/>
                                                                                               <a href="https://www.aquafair.de/product_info.php/products_id/3720?osCsid=d608357305b12187b01c937a8456ed8d">
                                                                                                ATI Hybrid LED-Powermodul 8x24 Watt T5+1x75 Watt LED+Röhren
                                                                                               </a>
                                                                                               <br/>
                                                                                               Ehemaliger Verkäuferpreis
                                                                                               <s>
                                                                                                1.229,00 EUR
                                                                                               </s>
                                                                                               <br/>
                                                                                               jetzt nur
                                                                                               <span class="productSpecialPrice">
                                                                                                1.037,90 EUR
                                                                                                <br/>
                                                                                                <div class="tax_info">
                                                                                                 [inkl. 19% MwSt zzgl.
                                                                                                 <a class="tax_info" href="https://www.aquafair.de/shipping.php?osCsid=d608357305b12187b01c937a8456ed8d">
                                                                                                  <u>
                                                                                                   Versandkosten.
                                                                                                  </u>
                                                                                                 </a>
                                                                                                 ]
                                                                                                </div>
                                                                                                Neue Version mit WIFI!
                                                                                                <br/>
                                                                                               </span>
                                                                                               <br/>
                                                                                               <center>
                                                                                                <a href="https://www.aquafair.de/product_info.php/products_id/5195?osCsid=d608357305b12187b01c937a8456ed8d">
                                                                                                 <img alt="Philips CoralCare LED VERSION 2018 Set 3 Grau" border="0" height="150" src="images/Philips CoralCare 3 Farben Produktbild-150x150.jpg" title=" Philips CoralCare LED VERSION 2018 Set 3 Grau " width="150"/>
                                                                                                </a>
                                                                                                <br/>
                                                                                                <a href="https://www.aquafair.de/product_info.php/products_id/5195?osCsid=d608357305b12187b01c937a8456ed8d">
                                                                                                 Philips CoralCare LED VERSION 2018 Set 3 Grau
                                                                                                </a>
                                                                                                <br/>
                                                                                                Ehemaliger Verkäuferpreis
                                                                                                <s>
                                                                                                 2.209,00 EUR
                                                                                                </s>
                                                                                                <br/>
                                                                                                jetzt nur
                                                                                                <span class="productSpecialPrice">
                                                                                                 2.028,99 EUR
                                                                                                 <br/>
                                                                                                 <div class="tax_info">
                                                                                                  [inkl. 19% MwSt zzgl.
                                                                                                  <a class="tax_info" href="https://www.aquafair.de/shipping.php?osCsid=d608357305b12187b01c937a8456ed8d">
                                                                                                   <u>
                                                                                                    Versandkosten.
                                                                                                   </u>
                                                                                                  </a>
                                                                                                  ]
                                                                                                 </div>
                                                                                                 NEUE VERSION 2018!
                                                                                                 <br/>
                                                                                                </span>
                                                                                                <br/>
                                                                                                <center>
                                                                                                 <a href="https://www.aquafair.de/product_info.php/products_id/4845?osCsid=d608357305b12187b01c937a8456ed8d">
                                                                                                  <img alt="Reef Rock 2.1 Künstliches Riffgestein, 1 kg" border="0" height="150" src="images/aquadeco_Reef Rock-150x150.jpg" title=" Reef Rock 2.1 Künstliches Riffgestein, 1 kg " width="150"/>
                                                                                                 </a>
                                                                                                 <br/>
                                                                                                 <a href="https://www.aquafair.de/product_info.php/products_id/4845?osCsid=d608357305b12187b01c937a8456ed8d">
                                                                                                  Reef Rock 2.1 Künstliches Riffgestein, 1 kg
                                                                                                 </a>
                                                                                                 <br/>
                                                                                                 Ehemaliger Verkäuferpreis
                                                                                                 <s>
                                                                                                  10,90 EUR
                                                                                                 </s>
                                                                                                 <br/>
                                                                                                 jetzt nur
                                                                                                 <span class="productSpecialPrice">
                                                                                                  9,50 EUR
                                                                                                  <br/>
                                                                                                  <div class="tax_info">
                                                                                                   [inkl. 19% MwSt zzgl.
                                                                                                   <a class="tax_info" href="https://www.aquafair.de/shipping.php?osCsid=d608357305b12187b01c937a8456ed8d">
                                                                                                    <u>
                                                                                                     Versandkosten.
                                                                                                    </u>
                                                                                                   </a>
                                                                                                   ]
                                                                                                  </div>
                                                                                                  Preis pro kg
                                                                                                  <br/>
                                                                                                 </span>
                                                                                                 <br/>
                                                                                                 <center>
                                                                                                  <a href="https://www.aquafair.de/product_info.php/products_id/2015?osCsid=d608357305b12187b01c937a8456ed8d">
                                                                                                   <img alt="Tropic Marin Pro-Reef, 25 kg, Eimer" border="0" height="150" src="images/ProReef-150x150.jpg" title=" Tropic Marin Pro-Reef, 25 kg, Eimer " width="150"/>
                                                                                                  </a>
                                                                                                  <br/>
                                                                                                  <a href="https://www.aquafair.de/product_info.php/products_id/2015?osCsid=d608357305b12187b01c937a8456ed8d">
                                                                                                   Tropic Marin Pro-Reef, 25 kg, Eimer
                                                                                                  </a>
                                                                                                  <br/>
                                                                                                  Ehemaliger Verkäuferpreis
                                                                                                  <s>
                                                                                                   85,00 EUR
                                                                                                  </s>
                                                                                                  <br/>
                                                                                                  jetzt nur
                                                                                                  <span class="productSpecialPrice">
                                                                                                   79,00 EUR
                                                                                                   <br/>
                                                                                                   <div class="tax_info">
                                                                                                    [inkl. 19% MwSt zzgl.
                                                                                                    <a class="tax_info" href="https://www.aquafair.de/shipping.php?osCsid=d608357305b12187b01c937a8456ed8d">
                                                                                                     <u>
                                                                                                      Versandkosten.
                                                                                                     </u>
                                                                                                    </a>
                                                                                                    ]
                                                                                                   </div>
                                                                                                   Grundpreis: 3,16 €/kg
                                                                                                   <br/>
                                                                                                  </span>
                                                                                                  <br/>
                                                                                                  <center>
                                                                                                   <a href="https://www.aquafair.de/product_info.php/products_id/5597?osCsid=d608357305b12187b01c937a8456ed8d">
                                                                                                    <img alt="Philips CoralCare LED VERSION 2018 Set 3 Weiß" border="0" height="150" src="images/Philips CoralCare 3 Farben Produktbild-150x150.jpg" title=" Philips CoralCare LED VERSION 2018 Set 3 Weiß " width="150"/>
                                                                                                   </a>
                                                                                                   <br/>
                                                                                                   <a href="https://www.aquafair.de/product_info.php/products_id/5597?osCsid=d608357305b12187b01c937a8456ed8d">
                                                                                                    Philips CoralCare LED VERSION 2018 Set 3 Weiß
                                                                                                   </a>
                                                                                                   <br/>
                                                                                                   Ehemaliger Verkäuferpreis
                                                                                                   <s>
                                                                                                    2.209,00 EUR
                                                                                                   </s>
                                                                                                   <br/>
                                                                                                   jetzt nur
                                                                                                   <span class="productSpecialPrice">
                                                                                                    2.028,99 EUR
                                                                                                    <br/>
                                                                                                    <div class="tax_info">
                                                                                                     [inkl. 19% MwSt zzgl.
                                                                                                     <a class="tax_info" href="https://www.aquafair.de/shipping.php?osCsid=d608357305b12187b01c937a8456ed8d">
                                                                                                      <u>
                                                                                                       Versandkosten.
                                                                                                      </u>
                                                                                                     </a>
                                                                                                     ]
                                                                                                    </div>
                                                                                                    NEUE VERSION 2018!
                                                                                                    <br/>
                                                                                                   </span>
                                                                                                   <br/>
                                                                                                   <center>
                                                                                                    <a href="https://www.aquafair.de/product_info.php/products_id/3723?osCsid=d608357305b12187b01c937a8456ed8d">
                                                                                                     <img alt="ATI Hybrid LED-Powermodul 8x80 Watt T5+4x75Watt LED+Röhren" border="0" height="150" src="images/ATI_LED_PM_Mont2-150x150.jpg" title=" ATI Hybrid LED-Powermodul 8x80 Watt T5+4x75Watt LED+Röhren " width="150"/>
                                                                                                    </a>
                                                                                                    <br/>
                                                                                                    <a href="https://www.aquafair.de/product_info.php/products_id/3723?osCsid=d608357305b12187b01c937a8456ed8d">
                                                                                                     ATI Hybrid LED-Powermodul 8x80 Watt T5+4x75Watt LED+Röhren
                                                                                                    </a>
                                                                                                    <br/>
                                                                                                    Ehemaliger Verkäuferpreis
                                                                                                    <s>
                                                                                                     1.969,00 EUR
                                                                                                    </s>
                                                                                                    <br/>
                                                                                                    jetzt nur
                                                                                                    <span class="productSpecialPrice">
                                                                                                     1.814,90 EUR
                                                                                                     <br/>
                                                                                                     <div class="tax_info">
                                                                                                      [inkl. 19% MwSt zzgl.
                                                                                                      <a class="tax_info" href="https://www.aquafair.de/shipping.php?osCsid=d608357305b12187b01c937a8456ed8d">
                                                                                                       <u>
                                                                                                        Versandkosten.
                                                                                                       </u>
                                                                                                      </a>
                                                                                                      ]
                                                                                                     </div>
                                                                                                     Neue Version mit WIFI!
                                                                                                     <br/>
                                                                                                    </span>
                                                                                                    <br/>
                                                                                                    <center>
                                                                                                     <a href="https://www.aquafair.de/product_info.php/products_id/4846?osCsid=d608357305b12187b01c937a8456ed8d">
                                                                                                      <img alt="Reef Rock 2.1 Künstliches Riffgestein, 25 kg/Box" border="0" height="150" src="images/aquadeco_Reef Rock-150x150.jpg" title=" Reef Rock 2.1 Künstliches Riffgestein, 25 kg/Box " width="150"/>
                                                                                                     </a>
                                                                                                     <br/>
                                                                                                     <a href="https://www.aquafair.de/product_info.php/products_id/4846?osCsid=d608357305b12187b01c937a8456ed8d">
                                                                                                      Reef Rock 2.1 Künstliches Riffgestein, 25 kg/Box
                                                                                                     </a>
                                                                                                     <br/>
                                                                                                     Ehemaliger Verkäuferpreis
                                                                                                     <s>
                                                                                                      247,50 EUR
                                                                                                     </s>
                                                                                                     <br/>
                                                                                                     jetzt nur
                                                                                                     <span class="productSpecialPrice">
                                                                                                      219,00 EUR
                                                                                                      <br/>
                                                                                                      <div class="tax_info">
                                                                                                       [inkl. 19% MwSt zzgl.
                                                                                                       <a class="tax_info" href="https://www.aquafair.de/shipping.php?osCsid=d608357305b12187b01c937a8456ed8d">
                                                                                                        <u>
                                                                                                         Versandkosten.
                                                                                                        </u>
                                                                                                       </a>
                                                                                                       ]
                                                                                                      </div>
                                                                                                      Grundpreis: 8,76 €/kg
                                                                                                      <br/>
                                                                                                     </span>
                                                                                                     <br/>
                                                                                                     <center>
                                                                                                      <a href="https://www.aquafair.de/product_info.php/products_id/5129?osCsid=d608357305b12187b01c937a8456ed8d">
                                                                                                       <img alt="Philips CoralCare LED VERSION 2018 Set 2 Grau" border="0" height="150" src="images/Philips CoralCare 3 Farben Produktbild-150x150.jpg" title=" Philips CoralCare LED VERSION 2018 Set 2 Grau " width="150"/>
                                                                                                      </a>
                                                                                                      <br/>
                                                                                                      <a href="https://www.aquafair.de/product_info.php/products_id/5129?osCsid=d608357305b12187b01c937a8456ed8d">
                                                                                                       Philips CoralCare LED VERSION 2018 Set 2 Grau
                                                                                                      </a>
                                                                                                      <br/>
                                                                                                      Ehemaliger Verkäuferpreis
                                                                                                      <s>
                                                                                                       1.500,00 EUR
                                                                                                      </s>
                                                                                                      <br/>
                                                                                                      jetzt nur
                                                                                                      <span class="productSpecialPrice">
                                                                                                       1.384,99 EUR
                                                                                                       <br/>
                                                                                                       <div class="tax_info">
                                                                                                        [inkl. 19% MwSt zzgl.
                                                                                                        <a class="tax_info" href="https://www.aquafair.de/shipping.php?osCsid=d608357305b12187b01c937a8456ed8d">
                                                                                                         <u>
                                                                                                          Versandkosten.
                                                                                                         </u>
                                                                                                        </a>
                                                                                                        ]
                                                                                                       </div>
                                                                                                       NEUE VERSION 2018!
                                                                                                       <br/>
                                                                                                      </span>
                                                                                                      <br/>
                                                                                                      <center>
                                                                                                       <a href="https://www.aquafair.de/product_info.php/products_id/3353?osCsid=d608357305b12187b01c937a8456ed8d">
                                                                                                        <img alt="Tunze Comline® Reefpack 250 (0250.000)" border="0" height="150" src="images/4b1a97e8a9-150x150.jpg" title=" Tunze Comline® Reefpack 250 (0250.000) " width="150"/>
                                                                                                       </a>
                                                                                                       <br/>
                                                                                                       <a href="https://www.aquafair.de/product_info.php/products_id/3353?osCsid=d608357305b12187b01c937a8456ed8d">
                                                                                                        Tunze Comline® Reefpack 250 (0250.000)
                                                                                                       </a>
                                                                                                       <br/>
                                                                                                       Ehemaliger Verkäuferpreis
                                                                                                       <s>
                                                                                                        154,90 EUR
                                                                                                       </s>
                                                                                                       <br/>
                                                                                                       jetzt nur
                                                                                                       <span class="productSpecialPrice">
                                                                                                        143,89 EUR
                                                                                                        <br/>
                                                                                                        <div class="tax_info">
                                                                                                         [inkl. 19% MwSt zzgl.
                                                                                                         <a class="tax_info" href="https://www.aquafair.de/shipping.php?osCsid=d608357305b12187b01c937a8456ed8d">
                                                                                                          <u>
                                                                                                           Versandkosten.
                                                                                                          </u>
                                                                                                         </a>
                                                                                                         ]
                                                                                                        </div>
                                                                                                        Versandkostenfrei in DE
                                                                                                        <br/>
                                                                                                       </span>
                                                                                                       <br/>
                                                                                                       <center>
                                                                                                        <a href="https://www.aquafair.de/product_info.php/products_id/3788?osCsid=d608357305b12187b01c937a8456ed8d">
                                                                                                         <img alt="Coral-Reef light Meersalz, 7 kg, Eimer" border="0" height="150" src="images/093462464795-150x150.jpg" title=" Coral-Reef light Meersalz, 7 kg, Eimer " width="150"/>
                                                                                                        </a>
                                                                                                        <br/>
                                                                                                        <a href="https://www.aquafair.de/product_info.php/products_id/3788?osCsid=d608357305b12187b01c937a8456ed8d">
                                                                                                         Coral-Reef light Meersalz, 7 kg, Eimer
                                                                                                        </a>
                                                                                                        <br/>
                                                                                                        Ehemaliger Verkäuferpreis
                                                                                                        <s>
                                                                                                         18,95 EUR
                                                                                                        </s>
                                                                                                        <br/>
                                                                                                        jetzt nur
                                                                                                        <span class="productSpecialPrice">
                                                                                                         16,11 EUR
                                                                                                         <br/>
                                                                                                         <div class="tax_info">
                                                                                                          [inkl. 19% MwSt zzgl.
                                                                                                          <a class="tax_info" href="https://www.aquafair.de/shipping.php?osCsid=d608357305b12187b01c937a8456ed8d">
                                                                                                           <u>
                                                                                                            Versandkosten.
                                                                                                           </u>
                                                                                                          </a>
                                                                                                          ]
                                                                                                         </div>
                                                                                                         Grundpreis: 2,30 €/kg
                                                                                                         <br/>
                                                                                                        </span>
                                                                                                        <br/>
                                                                                                        <center>
                                                                                                         <a href="https://www.aquafair.de/product_info.php/products_id/335?osCsid=d608357305b12187b01c937a8456ed8d">
                                                                                                          <img alt="AQUA-Korallen-Gel, 20 g, Tube" border="0" height="150" src="images/AQUA-Korallen-Gel neu-150x150.jpg" title=" AQUA-Korallen-Gel, 20 g, Tube " width="150"/>
                                                                                                         </a>
                                                                                                         <br/>
                                                                                                         <a href="https://www.aquafair.de/product_info.php/products_id/335?osCsid=d608357305b12187b01c937a8456ed8d">
                                                                                                          AQUA-Korallen-Gel, 20 g, Tube
                                                                                                         </a>
                                                                                                         <br/>
                                                                                                         Ehemaliger Verkäuferpreis
                                                                                                         <s>
                                                                                                          11,90 EUR
                                                                                                         </s>
                                                                                                         <br/>
                                                                                                         jetzt nur
                                                                                                         <span class="productSpecialPrice">
                                                                                                          9,90 EUR
                                                                                                          <br/>
                                                                                                          <div class="tax_info">
                                                                                                           [inkl. 19% MwSt zzgl.
                                                                                                           <a class="tax_info" href="https://www.aquafair.de/shipping.php?osCsid=d608357305b12187b01c937a8456ed8d">
                                                                                                            <u>
                                                                                                             Versandkosten.
                                                                                                            </u>
                                                                                                           </a>
                                                                                                           ]
                                                                                                          </div>
                                                                                                          Grundpreis: 49,50€/100g
                                                                                                          <br/>
                                                                                                         </span>
                                                                                                         <br/>
                                                                                                         <center>
                                                                                                          <a href="https://www.aquafair.de/product_info.php/products_id/5234?osCsid=d608357305b12187b01c937a8456ed8d">
                                                                                                           <img alt="ATI-Jebao DCP-2500 Förderpumpe" border="0" height="150" src="images/Jebao DCP-3000-150x150.jpg" title=" ATI-Jebao DCP-2500 Förderpumpe " width="150"/>
                                                                                                          </a>
                                                                                                          <br/>
                                                                                                          <a href="https://www.aquafair.de/product_info.php/products_id/5234?osCsid=d608357305b12187b01c937a8456ed8d">
                                                                                                           ATI-Jebao DCP-2500 Förderpumpe
                                                                                                          </a>
                                                                                                          <br/>
                                                                                                          Ehemaliger Verkäuferpreis
                                                                                                          <s>
                                                                                                           69,90 EUR
                                                                                                          </s>
                                                                                                          <br/>
                                                                                                          jetzt nur
                                                                                                          <span class="productSpecialPrice">
                                                                                                           64,90 EUR
                                                                                                           <br/>
                                                                                                           <div class="tax_info">
                                                                                                            [inkl. 19% MwSt zzgl.
                                                                                                            <a class="tax_info" href="https://www.aquafair.de/shipping.php?osCsid=d608357305b12187b01c937a8456ed8d">
                                                                                                             <u>
                                                                                                              Versandkosten.
                                                                                                             </u>
                                                                                                            </a>
                                                                                                            ]
                                                                                                           </div>
                                                                                                           <br/>
                                                                                                          </span>
                                                                                                          <br/>
                                                                                                          <center>
                                                                                                           <a href="https://www.aquafair.de/product_info.php/products_id/5594?osCsid=d608357305b12187b01c937a8456ed8d">
                                                                                                            <img alt="Philips CoralCare LED VERSION 2018 Weiß" border="0" height="150" src="images/Philips CoralCare 3 Farben Produktbild-150x150.jpg" title=" Philips CoralCare LED VERSION 2018 Weiß " width="150"/>
                                                                                                           </a>
                                                                                                           <br/>
                                                                                                           <a href="https://www.aquafair.de/product_info.php/products_id/5594?osCsid=d608357305b12187b01c937a8456ed8d">
                                                                                                            Philips CoralCare LED VERSION 2018 Weiß
                                                                                                           </a>
                                                                                                           <br/>
                                                                                                           Ehemaliger Verkäuferpreis
                                                                                                           <s>
                                                                                                            739,00 EUR
                                                                                                           </s>
                                                                                                           <br/>
                                                                                                           jetzt nur
                                                                                                           <span class="productSpecialPrice">
                                                                                                            668,99 EUR
                                                                                                            <br/>
                                                                                                            <div class="tax_info">
                                                                                                             [inkl. 19% MwSt zzgl.
                                                                                                             <a class="tax_info" href="https://www.aquafair.de/shipping.php?osCsid=d608357305b12187b01c937a8456ed8d">
                                                                                                              <u>
                                                                                                               Versandkosten.
                                                                                                              </u>
                                                                                                             </a>
                                                                                                             ]
                                                                                                            </div>
                                                                                                            NEUE VERSION 2018!
                                                                                                            <br/>
                                                                                                           </span>
                                                                                                           <br/>
                                                                                                           <center>
                                                                                                            <a href="https://www.aquafair.de/product_info.php/products_id/5603?osCsid=d608357305b12187b01c937a8456ed8d">
                                                                                                             <img alt="Philips CoralCare LED VERSION 2018 Set 3 Schwarz" border="0" height="150" src="images/Philips CoralCare 3 Farben Produktbild-150x150.jpg" title=" Philips CoralCare LED VERSION 2018 Set 3 Schwarz " width="150"/>
                                                                                                            </a>
                                                                                                            <br/>
                                                                                                            <a href="https://www.aquafair.de/product_info.php/products_id/5603?osCsid=d608357305b12187b01c937a8456ed8d">
                                                                                                             Philips CoralCare LED VERSION 2018 Set 3 Schwarz
                                                                                                            </a>
                                                                                                            <br/>
                                                                                                            Ehemaliger Verkäuferpreis
                                                                                                            <s>
                                                                                                             2.209,00 EUR
                                                                                                            </s>
                                                                                                            <br/>
                                                                                                            jetzt nur
                                                                                                            <span class="productSpecialPrice">
                                                                                                             2.028,99 EUR
                                                                                                             <br/>
                                                                                                             <div class="tax_info">
                                                                                                              [inkl. 19% MwSt zzgl.
                                                                                                              <a class="tax_info" href="https://www.aquafair.de/shipping.php?osCsid=d608357305b12187b01c937a8456ed8d">
                                                                                                               <u>
                                                                                                                Versandkosten.
                                                                                                               </u>
                                                                                                              </a>
                                                                                                              ]
                                                                                                             </div>
                                                                                                             NEUE VERSION 2018!
                                                                                                             <br/>
                                                                                                            </span>
                                                                                                            <br/>
                                                                                                            <center>
                                                                                                             <a href="https://www.aquafair.de/product_info.php/products_id/5127?osCsid=d608357305b12187b01c937a8456ed8d">
                                                                                                              <img alt="Philips CoralCare LED VERSION 2018 Grau" border="0" height="150" src="images/Philips CoralCare 3 Farben Produktbild-150x150.jpg" title=" Philips CoralCare LED VERSION 2018 Grau " width="150"/>
                                                                                                             </a>
                                                                                                             <br/>
                                                                                                             <a href="https://www.aquafair.de/product_info.php/products_id/5127?osCsid=d608357305b12187b01c937a8456ed8d">
                                                                                                              Philips CoralCare LED VERSION 2018 Grau
                                                                                                             </a>
                                                                                                             <br/>
                                                                                                             Ehemaliger Verkäuferpreis
                                                                                                             <s>
                                                                                                              739,00 EUR
                                                                                                             </s>
                                                                                                             <br/>
                                                                                                             jetzt nur
                                                                                                             <span class="productSpecialPrice">
                                                                                                              668,99 EUR
                                                                                                              <br/>
                                                                                                              <div class="tax_info">
                                                                                                               [inkl. 19% MwSt zzgl.
                                                                                                               <a class="tax_info" href="https://www.aquafair.de/shipping.php?osCsid=d608357305b12187b01c937a8456ed8d">
                                                                                                                <u>
                                                                                                                 Versandkosten.
                                                                                                                </u>
                                                                                                               </a>
                                                                                                               ]
                                                                                                              </div>
                                                                                                              NEUE VERSION 2018!
                                                                                                              <br/>
                                                                                                             </span>
                                                                                                             <br/>
                                                                                                            </center>
                                                                                                           </center>
                                                                                                          </center>
                                                                                                         </center>
                                                                                                        </center>
                                                                                                       </center>
                                                                                                      </center>
                                                                                                     </center>
                                                                                                    </center>
                                                                                                   </center>
                                                                                                  </center>
                                                                                                 </center>
                                                                                                </center>
                                                                                               </center>
                                                                                              </center>
                                                                                             </center>
                                                                                            </center>
                                                                                           </center>
                                                                                          </center>
                                                                                         </center>
                                                                                        </center>
                                                                                       </center>
                                                                                      </center>
                                                                                     </center>
                                                                                    </center>
                                                                                   </center>
                                                                                  </center>
                                                                                 </center>
                                                                                </center>
                                                                               </center>
                                                                              </center>
                                                                             </center>
                                                                            </center>
                                                                           </center>
                                                                          </center>
                                                                         </center>
                                                                        </center>
                                                                       </center>
                                                                      </center>
                                                                     </center>
                                                                    </center>
                                                                   </center>
                                                                  </center>
                                                                 </center>
                                                                </center>
                                                               </center>
                                                              </center>
                                                             </center>
                                                            </center>
                                                           </center>
                                                          </center>
                                                         </center>
                                                        </center>
                                                       </center>
                                                      </center>
                                                     </center>
                                                    </center>
                                                   </center>
                                                  </center>
                                                 </center>
                                                </center>
                                               </center>
                                              </center>
                                             </center>
                                            </center>
                                           </center>
                                          </center>
                                         </center>
                                        </center>
                                       </center>
                                      </center>
                                     </center>
                                    </center>
                                   </center>
                                  </center>
                                 </center>
                                </center>
                               </center>
                              </center>
                             </center>
                            </center>
                           </center>
                          </center>
                         </center>
                        </center>
                       </center>
                      </center>
                     </center>
                    </center>
                   </center>
                  </center>
                 </center>
                </marquee>
               </td>
              </tr>
              <tr>
               <td>
                <img alt="" border="0" height="1" src="images/pixel_trans.gif" width="1"/>
               </td>
              </tr>
             </table>
            </td>
           </tr>
          </table>
         </td>
        </tr>
        <!-- specials_eof //-->
        <!-- best_sellers //-->
        <tr>
         <td>
          <table border="0" cellpadding="0" cellspacing="0" width="100%">
           <tr>
            <td class="infoBoxHeading" height="14">
             <img alt="" border="0" height="22" src="images/infobox/corner_left.gif" width="11"/>
            </td>
            <td class="infoBoxHeading" height="14" width="100%">
             Bestseller
            </td>
            <td class="infoBoxHeading" height="14" nowrap="">
             <img alt="" border="0" height="22" src="images/infobox/corner_right.gif" width="11"/>
            </td>
           </tr>
          </table>
          <table border="0" cellpadding="0" cellspacing="0" class="infoBox" width="100%">
           <tr>
            <td>
             <table border="0" cellpadding="3" cellspacing="0" class="infoBoxContents" width="100%">
              <tr>
               <td>
                <img alt="" border="0" height="1" src="images/pixel_trans.gif" width="1"/>
               </td>
              </tr>
              <tr>
               <td class="boxText">
                <table border="0" cellpadding="1" cellspacing="0" width="100%">
                 <tr>
                  <td class="infoBoxContents" valign="top">
                   01.
                  </td>
                  <td class="infoBoxContents">
                   <a href="https://www.aquafair.de/product_info.php/products_id/304?osCsid=d608357305b12187b01c937a8456ed8d">
                    Natriumhydrogencarbonat, 5000 g, Nachfüllbeutel
                   </a>
                  </td>
                 </tr>
                 <tr>
                  <td class="infoBoxContents" valign="top">
                   02.
                  </td>
                  <td class="infoBoxContents">
                   <a href="https://www.aquafair.de/product_info.php/products_id/104?osCsid=d608357305b12187b01c937a8456ed8d">
                    Calciumchlorid-Dihydrat, 5000 g, Nachfüllbeutel
                   </a>
                  </td>
                 </tr>
                 <tr>
                  <td class="infoBoxContents" valign="top">
                   03.
                  </td>
                  <td class="infoBoxContents">
                   <a href="https://www.aquafair.de/product_info.php/products_id/101?osCsid=d608357305b12187b01c937a8456ed8d">
                    Calciumchlorid-Dihydrat, 5000 g, Eimer
                   </a>
                  </td>
                 </tr>
                 <tr>
                  <td class="infoBoxContents" valign="top">
                   04.
                  </td>
                  <td class="infoBoxContents">
                   <a href="https://www.aquafair.de/product_info.php/products_id/303?osCsid=d608357305b12187b01c937a8456ed8d">
                    Natriumhydrogencarbonat, 5000 g, Eimer
                   </a>
                  </td>
                 </tr>
                 <tr>
                  <td class="infoBoxContents" valign="top">
                   05.
                  </td>
                  <td class="infoBoxContents">
                   <a href="https://www.aquafair.de/product_info.php/products_id/255?osCsid=d608357305b12187b01c937a8456ed8d">
                    Mysis (Schwebegarnelen), 100 g Schokotafel
                   </a>
                  </td>
                 </tr>
                 <tr>
                  <td class="infoBoxContents" valign="top">
                   06.
                  </td>
                  <td class="infoBoxContents">
                   <a href="https://www.aquafair.de/product_info.php/products_id/370?osCsid=d608357305b12187b01c937a8456ed8d">
                    Magnesiumchlorid-Hexahydrat, 5000 g, Nachfüllbeutel
                   </a>
                  </td>
                 </tr>
                 <tr>
                  <td class="infoBoxContents" valign="top">
                   07.
                  </td>
                  <td class="infoBoxContents">
                   <a href="https://www.aquafair.de/product_info.php/products_id/369?osCsid=d608357305b12187b01c937a8456ed8d">
                    Magnesiumchlorid-Hexahydrat, 5000 g, Eimer
                   </a>
                  </td>
                 </tr>
                 <tr>
                  <td class="infoBoxContents" valign="top">
                   08.
                  </td>
                  <td class="infoBoxContents">
                   <a href="https://www.aquafair.de/product_info.php/products_id/624?osCsid=d608357305b12187b01c937a8456ed8d">
                    Riffgestein, trocken, 1 kg
                   </a>
                  </td>
                 </tr>
                 <tr>
                  <td class="infoBoxContents" valign="top">
                   09.
                  </td>
                  <td class="infoBoxContents">
                   <a href="https://www.aquafair.de/product_info.php/products_id/365?osCsid=d608357305b12187b01c937a8456ed8d">
                    Natriumchloridfreie Mineralsalzmischung, 1000 g, Nachfüllbeutel
                   </a>
                  </td>
                 </tr>
                 <tr>
                  <td class="infoBoxContents" valign="top">
                   10.
                  </td>
                  <td class="infoBoxContents">
                   <a href="https://www.aquafair.de/product_info.php/products_id/537?osCsid=d608357305b12187b01c937a8456ed8d">
                    Natriumchloridfreie Mineralsalzmischung, 1000 g, Eimer
                   </a>
                  </td>
                 </tr>
                </table>
               </td>
              </tr>
              <tr>
               <td>
                <img alt="" border="0" height="1" src="images/pixel_trans.gif" width="1"/>
               </td>
              </tr>
             </table>
            </td>
           </tr>
          </table>
         </td>
        </tr>
        <!-- best_sellers_eof //-->
        <!-- featured_products //-->
        <tr>
         <td>
          <table border="0" cellpadding="0" cellspacing="0" width="100%">
           <tr>
            <td class="infoBoxHeading" height="14">
             <img alt="" border="0" height="22" src="images/infobox/corner_left.gif" width="11"/>
            </td>
            <td class="infoBoxHeading" height="14" width="100%">
             Empfehlungen
            </td>
            <td class="infoBoxHeading" height="14" nowrap="">
             <a href="https://www.aquafair.de/featured_products.php?osCsid=d608357305b12187b01c937a8456ed8d">
              <img alt="Zeige mehr" border="0" height="20" src="images/infobox/arrow_right.gif" title=" Zeige mehr " width="12"/>
             </a>
             <img alt="" border="0" height="22" src="images/infobox/corner_right.gif" width="11"/>
            </td>
           </tr>
          </table>
          <table border="0" cellpadding="0" cellspacing="0" class="infoBox" width="100%">
           <tr>
            <td>
             <table border="0" cellpadding="3" cellspacing="0" class="infoBoxContents" width="100%">
              <tr>
               <td>
                <img alt="" border="0" height="1" src="images/pixel_trans.gif" width="1"/>
               </td>
              </tr>
              <tr>
               <td align="center" class="boxText">
                <a href="https://www.aquafair.de/product_info.php/products_id/3742?osCsid=d608357305b12187b01c937a8456ed8d">
                 <img alt="Vertex Umkehrosmoseanlage PURATEK DELUXE 200 RO/DI" border="0" height="150" src="images/PURATEK DELUXE 200 RO DI-150x150.jpg" title=" Vertex Umkehrosmoseanlage PURATEK DELUXE 200 RO/DI " width="150"/>
                </a>
                <br/>
                <a href="https://www.aquafair.de/product_info.php/products_id/3742?osCsid=d608357305b12187b01c937a8456ed8d">
                 Vertex Umkehrosmoseanlage PURATEK DELUXE 200 RO/DI
                </a>
                <br/>
                499,99 EUR
                <br/>
                <div class="tax_info">
                 [inkl. 19% MwSt zzgl.
                 <a class="tax_info" href="https://www.aquafair.de/shipping.php?osCsid=d608357305b12187b01c937a8456ed8d">
                  <u>
                   Versandkosten.
                  </u>
                 </a>
                 ]
                </div>
                <br/>
                Versandkostenfrei in DE!
               </td>
              </tr>
              <tr>
               <td>
                <img alt="" border="0" height="1" src="images/pixel_trans.gif" width="1"/>
               </td>
              </tr>
             </table>
            </td>
           </tr>
          </table>
         </td>
        </tr>
        <!-- featured_products_eof //-->
        <!-- reviews //-->
        <tr>
         <td>
          <table border="0" cellpadding="0" cellspacing="0" width="100%">
           <tr>
            <td class="infoBoxHeading" height="14">
             <img alt="" border="0" height="22" src="images/infobox/corner_left.gif" width="11"/>
            </td>
            <td class="infoBoxHeading" height="14" width="100%">
             Bewertungen
            </td>
            <td class="infoBoxHeading" height="14" nowrap="">
             <a href="https://www.aquafair.de/reviews.php?osCsid=d608357305b12187b01c937a8456ed8d">
              <img alt="Zeige mehr" border="0" height="20" src="images/infobox/arrow_right.gif" title=" Zeige mehr " width="12"/>
             </a>
             <img alt="" border="0" height="22" src="images/infobox/corner_right.gif" width="11"/>
            </td>
           </tr>
          </table>
          <table border="0" cellpadding="0" cellspacing="0" class="infoBox" width="100%">
           <tr>
            <td>
             <table border="0" cellpadding="3" cellspacing="0" class="infoBoxContents" width="100%">
              <tr>
               <td>
                <img alt="" border="0" height="1" src="images/pixel_trans.gif" width="1"/>
               </td>
              </tr>
              <tr>
               <td class="boxText">
                <div align="center">
                 <a href="https://www.aquafair.de/product_reviews_info.php/products_id/5137/reviews_id/126?osCsid=d608357305b12187b01c937a8456ed8d">
                  <img alt="Maxspect Gyre XF-250, 60 Watt, Bundle" border="0" height="150" src="images/Gyre Bundle-150x150.jpg" title=" Maxspect Gyre XF-250, 60 Watt, Bundle " width="150"/>
                 </a>
                </div>
                <br/>
                <a href="https://www.aquafair.de/product_reviews_info.php/products_id/5137/reviews_id/126?osCsid=d608357305b12187b01c937a8456ed8d">
                 Besser geht es garnicht ... hatte schon einige Pumpen getest ..
                </a>
                <br/>
                <div align="center">
                 <img alt="5 von 5 Sternen!" border="0" height="11" src="images/stars_5.gif" title=" 5 von 5 Sternen! " width="59"/>
                </div>
               </td>
              </tr>
              <tr>
               <td>
                <img alt="" border="0" height="1" src="images/pixel_trans.gif" width="1"/>
               </td>
              </tr>
             </table>
            </td>
           </tr>
          </table>
         </td>
        </tr>
        <!-- reviews_eof //-->
        <!-- right_navigation_eof //-->
       </table>
      </td>
     </tr>
    </table>
    <!-- body_eof //-->
   </article>
   <!-- footer //-->
   <table align="center" border="0" cellpadding="0" cellspacing="0" height="24" width="990">
    <tr>
     <td bgcolor="#9D9D9D" width="1">
      <img src="images/infobox/corner_left.gif" width="1"/>
     </td>
     <td class="infoBoxHeading">
      <span class="linkzursitemap">
       Mittwoch, 01. August 2018
      </span>
     </td>
     <td class="infoBoxHeading">
      <a href="categories_map.php">
       <span class="linkzursitemap">
        Kategoriestruktur - Übersicht -
       </span>
      </a>
      <a href="http://aquafair.de/">
       <span class="linkzursitemap">
        Mobil
       </span>
      </a>
      <a href="all_products.php">
       <span class="linkzursitemap">
        Sitemap
       </span>
      </a>
     </td>
     <td align="right" class="infoBoxHeading" infoboxheading="">
      37935693 Zugriffe seit Freitag, 11. November 2005
     </td>
     <td bgcolor="#9D9D9D" width="1">
     </td>
    </tr>
   </table>
   <br/>
   <table align="center" border="0" cellpadding="0" cellspacing="0" width="990">
    <tr>
     <td align="center" class="smallText">
      <a href="http://www.top-suchmaschineneintrag.de" rel="nofollow" target="_blank">
       Suchmaschinenoptimierung für osCommerce Shopsysteme
      </a>
      <a href="http://www.pfalz-webdesign.de" rel="nofollow" target="_blank">
       Copyright © 2011 pfalz-web Internetservice e.k
      </a>
      .
      <a href="http://www.oscommerce.com" rel="nofollow" target="_blank">
       Shopsystem  osCommerce
      </a>
     </td>
    </tr>
   </table>
   <!-- footer_eof //-->
  </body>
 </html>
