<!DOCTYPE html>
 <html dir="ltr" lang="de">
  <head>
   <meta charset="utf-8"/>
   <meta content="IE=edge" http-equiv="X-UA-Compatible"/>
   <meta content="width=device-width, initial-scale=1" name="viewport"/>
   <title>
    Whisky-Fox ist Ihr Whisky Shop | whisky-fox.de
   </title>
   <base href="https://www.whisky-fox.de/"/>
   <link href="ext/bootstrap/css/style.1527834073.css" rel="stylesheet" type="text/css"/>
   <!--[if lt IE 9]>
    <script src="ext/js/html5shiv.js"></script>
    <script src="ext/js/respond.min.js"></script>
    <script src="ext/js/excanvas.min.js"></script>
 <![endif]-->
   <!-- font awesome -->
   <meta content="Whisky-Fox - Ihr Whisky Shop für zahlreiche Whiskey mit breitem Sortiment und vielen Informationen über Herkunft, Geschmack und Preis | whisky-fox.de." name="description"/>
   <link href="https://www.whisky-fox.de/" rel="canonical"/>
   <meta content="nPLiBt5Qb7PQ_fKwi7kyC0_sgf3-wqekB-PFF7C49hQ" name="google-site-verification"/>
  </head>
  <body>
   <div class="container container-extend bshadow" id="bodyWrapper">
    <div class="modular-header">
    </div>
    <div class="row">
     <div class="logo-mit-text col-xs-3 col-sm-4 dont-wrap" id="storeLogo">
      <a href="https://www.whisky-fox.de/">
       <img alt="Whisky - Fox" class="img-responsive" height="140" src="images/logo-whisky-fox.jpg" title="Whisky - Fox" width="140"/>
      </a>
      <a class="logo-text hidden-xs" href="https://www.whisky-fox.de/">
       <span class="dont-wrap">
        Whisky - Fox
       </span>
      </a>
     </div>
     <div class="col-xs-9 col-sm-8 text-right" id="headerShortcuts">
      <div class="btn-group">
       <button aria-expanded="true" class="btn btn-default dropdown-toggle button-head" data-toggle="dropdown" id="dropdownMenu1" type="button">
        <span class="glyphicon glyphicon-user gi-25x ">
        </span>
        <span class="hidden-xs">
         Anmelden
        </span>
       </button>
       <ul aria-labelledby="dropdownMenu1" class="dropdown-menu full-width" role="menu">
        <li role="presentation">
         <a href="https://www.whisky-fox.de/account.php" role="menuitem" tabindex="-1">
          <span class="glyphicon glyphicon-log-in">
          </span>
          Login
         </a>
        </li>
        <li role="presentation">
         <a href="https://www.whisky-fox.de/account.php" role="menuitem" tabindex="-1">
          Registrierung
         </a>
        </li>
        <li class="divider">
        </li>
        <li role="presentation">
         <a href="https://www.whisky-fox.de/service.php" role="menuitem" tabindex="-1">
          Service
         </a>
        </li>
        <li role="presentation">
         <a href="https://www.whisky-fox.de/shipping.php" role="menuitem" tabindex="-1">
          Versand
         </a>
        </li>
        <li role="presentation">
         <a href="https://www.whisky-fox.de/payments.php" role="menuitem" tabindex="-1">
          Zahlung
         </a>
        </li>
        <li class="divider">
        </li>
        <li role="presentation">
         <a href="https://www.whisky-fox.de/impressum.php" role="menuitem" tabindex="-1">
          Impressum
         </a>
        </li>
        <li role="presentation">
         <a href="https://www.whisky-fox.de/conditions.php" role="menuitem" tabindex="-1">
          AGB
         </a>
        </li>
        <li role="presentation">
         <a href="https://www.whisky-fox.de/privacy.php" role="menuitem" tabindex="-1">
          Datenschutz
         </a>
        </li>
        <li role="presentation">
         <a href="https://www.whisky-fox.de/widerrufsrecht.php" role="menuitem" tabindex="-1">
          Widerrufsrecht
         </a>
        </li>
       </ul>
       <a class="btn btn-default button-head" href="https://www.whisky-fox.de/wishlist.php" id="btn1">
        <span class="glyphicon glyphicon-heart-empty gi-25x">
        </span>
        <span class="hidden-xs">
         Merkliste
        </span>
       </a>
       <a class="btn btn-default button-head" href="https://www.whisky-fox.de/shopping_cart.php" id="btn2">
        <span class="glyphicon glyphicon-shopping-cart gi-25x">
        </span>
        <span class="hidden-xs">
         Warenkorb
        </span>
       </a>
      </div>
     </div>
     <div class="col-xs-12 col-sm-12">
      <div class="searchbox-margin">
       <form action="https://www.whisky-fox.de/advanced_search_result.php" class="form-horizontal" method="get" name="quick_find">
        <div class="input-group">
         <input autocomplete="off" class="form-control typeahead" id="search" name="keywords" placeholder="Such" required="" type="search"/>
         <span class="input-group-btn">
          <button class="btn btn-info" type="submit">
           <i class="glyphicon glyphicon-search ">
           </i>
          </button>
         </span>
        </div>
       </form>
      </div>
     </div>
     <div class="col-xs-12 col-sm-12 avbar-whisky" id="navBar">
      <nav class="navbar navbar-default">
       <div class="container-fluid">
        <div class="navbar-header">
         <button class="navbar-toggle" data-target="#bs-navbar-collapse-core-nav" data-toggle="collapse" type="button">
          <span class="sr-only">
           Toggle Navigation
          </span>
          <span class="icon-bar">
          </span>
          <span class="icon-bar">
          </span>
          <span class="icon-bar">
          </span>
         </button>
         <span class="navbar-brand visible-xs-inline visible-sm-inline">
          Menü
         </span>
        </div>
        <div class="collapse navbar-collapse" id="bs-navbar-collapse-core-nav">
         <ul class="nav navbar-nav">
          <li>
           <a href="https://www.whisky-fox.de/whisky/alphabetisch/" title="Whisky und Whiskey alphabetisch sortiert">
            Alphabetisch
           </a>
          </li>
          <li class="dropdown">
           <a class="dropdown-toggle" data-toggle="dropdown" href="#">
            <span class="hidden-md">
             Whisky
            </span>
            Schottland
            <span class="hidden-md">
            </span>
            <span class="caret">
            </span>
           </a>
           <ul class="dropdown-menu">
            <li>
             <a href="https://www.whisky-fox.de/whisky/schottland/" title="Schottischer Whisky">
              Alle Schottland
             </a>
            </li>
            <li class="divider">
            </li>
            <li>
             <a href="https://www.whisky-fox.de/whisky/single-malt/" title="Alle Single Malt nach Regionen sortiert">
              Nur Single Malts
             </a>
            </li>
            <li>
             <a href="https://www.whisky-fox.de/whisky/highlands/" title="Alle aus den Highlands">
              Whisky Highlands
             </a>
            </li>
            <li>
             <a href="https://www.whisky-fox.de/whisky/islay/" title="Alle von der Insel Islay">
              Whisky Islay
             </a>
            </li>
            <li>
             <a href="https://www.whisky-fox.de/whisky/inseln/" title="Alle von den Inseln Jura, Mull, Orkney, Sky">
              Whisky Inseln
             </a>
            </li>
            <li>
             <a href="https://www.whisky-fox.de/whisky/speyside/" title="Alle aus der Region Speyside">
              Whisky Speyside
             </a>
            </li>
            <li>
             <a href="https://www.whisky-fox.de/whisky/lowlands/" title="Alle aus den Lowlands">
              Whisky Lowlands
             </a>
            </li>
            <li>
             <a href="https://www.whisky-fox.de/whisky/campbeltown/" title="Alle aus Campbeltown">
              Whisky Campbeltown
             </a>
            </li>
            <li class="divider">
            </li>
            <li>
             <a href="https://www.whisky-fox.de/whisky/blend-grain-vatt/" title="Schottische Blend Whisky">
              Nur Blends
             </a>
            </li>
            <li class="divider">
            </li>
            <li>
             <a href="https://www.whisky-fox.de/whisky/mystery/" title="Alle schwer zuordbaren Whisky">
              Mysteriöse
             </a>
            </li>
           </ul>
          </li>
          <li class="dropdown">
           <a class="dropdown-toggle" data-toggle="dropdown" href="#">
            <span class="hidden-md">
             Whisky
            </span>
            Welt
            <span class="hidden-md">
            </span>
            <span class="caret">
            </span>
           </a>
           <ul class="dropdown-menu">
            <li>
             <a href="https://www.whisky-fox.de/whisky/welt/" title="Whisky und Whiskey aus aller Welt">
              Alle Welt
             </a>
            </li>
            <li class="divider">
            </li>
            <li>
             <a href="https://www.whisky-fox.de/whiskey/irland/" title="Alle Whiskey aus Irland">
              Whiskey Irland
             </a>
            </li>
            <li>
             <a href="https://www.whisky-fox.de/whiskey/amerika/" title="Whiskey - Amerika">
              Whiskey Amerika
             </a>
            </li>
            <li>
             <a href="https://www.whisky-fox.de/whisky/australien/" title="Whisky - Australien">
              Whisky Australien
             </a>
            </li>
            <li>
             <a href="https://www.whisky-fox.de/whisky/deutschland/" title="Whisky - Deutschland">
              Whisky Deutschland
             </a>
            </li>
            <li>
             <a href="https://www.whisky-fox.de/whisky/england/" title="Whisky - England">
              Whisky England
             </a>
            </li>
            <li>
             <a href="https://www.whisky-fox.de/whisky/frankreich/" title="Whisky - Frankreich">
              Whisky Frankreich
             </a>
            </li>
            <li>
             <a href="https://www.whisky-fox.de/whisky/indien/" title="Whisky - Indien">
              Whisky Indien
             </a>
            </li>
            <li>
             <a href="https://www.whisky-fox.de/whisky/japan/" title="Whisky - Japan">
              Whisky Japan
             </a>
            </li>
            <li>
             <a href="https://www.whisky-fox.de/whisky/kanada/" title="Whisky - Kanada">
              Whisky Kanada
             </a>
            </li>
            <li>
             <a href="https://www.whisky-fox.de/whisky/niederlande/" title="Whisky - Niederlande">
              Whisky Niederlande
             </a>
            </li>
            <li>
             <a href="https://www.whisky-fox.de/whisky/schweden/" title="Whisky - Schweden">
              Whisky Schweden
             </a>
            </li>
            <li>
             <a href="https://www.whisky-fox.de/whisky/schweiz/" title="Whisky - Schweiz">
              Whisky Schweiz
             </a>
            </li>
            <li>
             <a href="https://www.whisky-fox.de/whisky/wales/" title="Whisky - Wales">
              Whisky Wales
             </a>
            </li>
           </ul>
          </li>
          <li class="dropdown">
           <a class="dropdown-toggle" data-toggle="dropdown" href="#">
            <span class="hidden-md">
             Whisky
            </span>
            Helfer
            <span class="caret">
            </span>
           </a>
           <ul class="dropdown-menu">
            <li>
             <a class="" href="https://www.whisky-fox.de/whisky/ranking/" title="Whisky im Wettbewerb">
              <span class="hidden-md hidden-lg">
               Whisky
              </span>
              Ranking
             </a>
            </li>
            <li>
             <a class="" href="https://www.whisky-fox.de/whisky/geschmack/" title="Whisky im geschmacklichen Vergleich">
              <span class="hidden-md hidden-lg">
               Whisky
              </span>
              Geschmack
             </a>
            </li>
            <li>
             <a class="" href="https://www.whisky-fox.de/whisky/filter/" title="Whisky Filtern">
              <span class="hidden-md hidden-lg">
               Whisky
              </span>
              Filter
             </a>
            </li>
            <li>
             <a class="" href="https://www.whisky-fox.de/diff.php" title="Angebote, Lieblingswhisky, nach Alter, Cask Strength und Neue">
              Mehr
             </a>
            </li>
           </ul>
          </li>
          <li>
           <a class="" href="https://www.whisky-fox.de/whisky/geschenk/" title="Whisky Verschenken / Inspiration">
            Geschenk
           </a>
          </li>
          <li class="dropdown">
           <a class="dropdown-toggle" data-toggle="dropdown" href="#">
            Spirituosen
            <span class="hidden-md">
            </span>
            <span class="caret">
            </span>
           </a>
           <ul class="dropdown-menu">
            <li>
             <a href="https://www.whisky-fox.de/rum/" title="Rum">
              Rum
             </a>
            </li>
            <li>
             <a href="https://www.whisky-fox.de/gin/" title="Gin">
              Gin
             </a>
            </li>
            <li>
             <a href="https://www.whisky-fox.de/port/" title="Port">
              Port
             </a>
            </li>
            <li>
             <a href="https://www.whisky-fox.de/sherry/" title="Port">
              Sherry
             </a>
            </li>
           </ul>
          </li>
          <li>
           <a class="" href="https://www.whisky-fox.de/blog/" rel='noopener"' target="_blank" title="Wissenswertes im Whisky Magazin">
            Magazin
           </a>
          </li>
         </ul>
        </div>
       </div>
      </nav>
     </div>
     <div class="col-xs-12 col-sm-12">
      <ol class="breadcrumb">
       <li itemscope="" itemtype="http://data-vocabulary.org/Breadcrumb">
        <a href="https://www.whisky-fox.de/" itemprop="url">
         <strong>
          <span itemprop="title">
           <i class="glyphicon glyphicon-home home-color">
            <span class="sr-only">
             Heim
            </span>
           </i>
          </span>
         </strong>
        </a>
       </li>
      </ol>
     </div>
     <div class="clearfix">
     </div>
    </div>
    <div class="row fadeforsearch">
     <div class="col-md-12 " id="bodyContent">
      <div class="contentContainer">
       <div class="contentText">
        <div class="panel">
         <div class="row row-spacer-bottom-25">
          <div class="col-xs-12 start-col">
           <h1 class="start-h1">
            Whisky - Fox's Whisky Shop
           </h1>
          </div>
         </div>
         <div class="row row-spacer-50 ow-spacer-bottom-25">
          <div class="col-xs-12 col-sm-4 col-lg-4 start-col center-xs">
           <a class="btn btn-link" href="https://www.whisky-fox.de/lagavulin-16.html" title="Zum Lagavulin 16 Jahre" type="button">
            <img alt="David mit Whiskyflasche von Lagavulin" class="img-responsive unveil img-rounded " data-src="images/whisky-intro-nacht.jpg" height="303" src="images/loader.gif" title="David mit Whiskyflasche von Lagavulin" width="218"/>
           </a>
          </div>
          <div class="hidden-xs- col-xs-12 col-sm-8 col-lg-8 row-spacer-40 row-spacer-bottom-5">
           <div class="carousel slide" data-ride="carousel" id="whisky-carousel">
            <!-- Indicators -->
            <!-- Wrapper for slides -->
            <div class="carousel-inner" role="listbox">
             <div class="item active">
              <a class="btn btn-link" href="https://www.whisky-fox.de/tomatin/" title="Zu den Whisky von Tomatin" type="button">
               <img alt="Whisky von Tomatin" class="img-responsive unveil img-rounded do-unveil" data-src="images/tomatin-slider.jpg" height="300" src="images/loader.gif" title="Whisky von Tomatin" width="700"/>
              </a>
             </div>
             <div class="item">
              <a class="btn btn-link" href="https://www.whisky-fox.de/john/" title="Zur Destillerie Paul John" type="button">
               <img alt="Indische Whisky von Paul Jogn" class="img-responsive unveil img-rounded do-unveil" data-src="images/paul-john-slider.jpg" height="300" src="images/loader.gif" title="Indische Whisky von Paul Jogn" width="700"/>
              </a>
             </div>
             <div class="item">
              <a class="btn btn-link" href="https://www.whisky-fox.de/bowmore/" title="Zur Destillerie Bowmore" type="button">
               <img alt="Bild mit Bowmore Flasche" class="img-responsive unveil img-rounded do-unveil" data-src="images/bowmore-slider.jpg" height="300" src="images/loader.gif" title="Bild mit Bowmore Flasche" width="700"/>
              </a>
             </div>
            </div>
           </div>
          </div>
         </div>
        </div>
        <div class="clearfix">
        </div>
        <div class="row row-spacer-30 -row-spacer-bottom-25">
         <div class="col-xs-12 col-sm-3 row-spacer-10">
          <a class="btn btn-info btn-block" href="https://www.whisky-fox.de/whisky/single-malt/" title="Direkt zu den schottischen Single Malt Whisky" type="button">
           Scotch Single
 					Malt
           <span class="hidden-xs hidden-sm">
            Whisky
            <span class="glyphicon glyphicon-list-alt">
            </span>
           </span>
          </a>
         </div>
         <div class="col-xs-4 col-sm-3 row-spacer-10">
          <a class="btn btn-info btn-block" href="https://www.whisky-fox.de/whisky/islay/" title="Direkt zu den Whisky aus Islay">
           Islay
           <span class="hidden-xs hidden-sm">
            Whisky
            <span class="glyphicon glyphicon-list-alt">
            </span>
           </span>
          </a>
         </div>
         <div class="col-xs-4 col-sm-3 row-spacer-10">
          <a class="btn btn-info btn-block" href="https://www.whisky-fox.de/whisky/speyside/" title="Direkt zu den Whisky aus Speyside">
           Speyside
           <span class="hidden-xs hidden-sm">
            Whisky
            <span class="glyphicon glyphicon-list-alt">
            </span>
           </span>
          </a>
         </div>
         <div class="col-xs-4 col-sm-3 row-spacer-10">
          <a class="btn btn-info btn-block" href="https://www.whisky-fox.de/whiskey/irland/" title="Direkt zu den irischen Whiskey">
           Irischer
           <span class="hidden-xs hidden-sm">
            Whiskey
            <span class="glyphicon glyphicon-list-alt">
            </span>
           </span>
          </a>
         </div>
        </div>
        <div class="row row-spacer-30 ow-spacer-bottom-25">
         <div class="col-xs-4 col-sm-3 row-spacer-10">
          <a class="btn btn-info btn-block" href="https://www.whisky-fox.de/whisky/filter/?sort=4&amp;extern=1" title="Zu den neuen Whiskies">
           Neue
           <span class="hidden-xs hidden-sm">
            Whisky
           </span>
           <span class="glyphicon glyphicon-filter">
           </span>
          </a>
         </div>
         <div class="col-xs-4 col-sm-6 text-center -hidden-xs row-spacer-20">
          Schnellstarter
         </div>
         <div class="col-xs-4 col-sm-3 row-spacer-10">
          <a class="btn btn-info btn-block" href="https://www.whisky-fox.de/whisky/filter/?sort=2&amp;extern=1" title="Zu den meistverkauften Whiskies">
           Lieblinge
           <span class="glyphicon glyphicon-filter">
           </span>
          </a>
         </div>
        </div>
        <div class="clearfix">
        </div>
        <div class="row row-spacer-50 row-spacer-bottom-25">
         <div class="col-sm-1 hidden-xs">
         </div>
         <div class="col-xs-12 col-sm-10">
          <div class="panel">
           <div class="panel-body">
            Whisky ist aufgrund seiner vielfältigen Erzeugnisse eines der
 						beliebtesten alkoholischen Getränke. Die verschiedenen Aromen und
 						die unterschiedlichen Geschmacksnuancen stehen für eine große
 						Vielfalt. Aus einem reichhaltigen Sortiment bietet der Whisky Shop
 						von Whisky Fox viele verschiedene Abfüllungen an. Besonders der
 						Scotch wird in vielen unterschiedlichen Ausprägungen angeboten und
 						alle Regionen Schottlands sind hier vertreten. Auch die beliebten
 						Hausproduktionen einzelner Brennereien, die
            <a class="intern" href="https://www.whisky-fox.de/whisky/single-malt/" title="">
             Single Malt Whiskys
            </a>
            , führt unser Whisky Shop im
 						Sortiment. Dazu bietet Whisky Fox viele Sorten aus anderen
 						Ländern. Vor allem aus Irland finden Sie hier viele Marken, deren
 						samtiges Aroma sehr beliebt ist. Dazu verkaufen wir im Whisky Shop
 						auch Abfüllungen aus exotischen Ländern wie Indien oder
 						Australien. Neben
            <a class="intern" href="https://www.whisky-fox.de/whisky/deutschland/" title="">
             Whisky aus Deutschland
            </a>
            und
            <a class="intern" href="https://www.whisky-fox.de/whisky/frankreich/" title="">
             Whisky aus Frankreich
            </a>
            führen wir ebenso die immer
 						beliebteren Whisky Sorten aus Japan.
            <p>
             <img alt="Bild vom Whisky-Ranking" class=" unveil img-rounded title-image" data-src="images/stars.jpg" height="42" src="images/loader.gif" title="Bild vom Whisky-Ranking" width="70"/>
             Seit vielen Jahren jetzt schon wird das
             <a class="intern" href="https://www.whisky-fox.de/whisky/ranking/" title="">
              Ranking
             </a>
             aller Whisky sehr intensiv genutzt. Nicht
 							zuletzt die Zahl von mehr als 30.000 Wertungen für einige Whisky
 							spricht für sich. Wenigstens Anhaltspunkt kann eine Bewertung
 							darstellen und somit helfen bei der Wahl eines neuen Whisky.
 							Aber, und dieses bitte nicht zuletzt in die Betrachtung werfen:
 							es geht um Geschmack und über den lässt sich trefflich streiten.
 							Deshalb ist ein steter Wechsel in der Reihenfolge der Whiskys zu
 							sehen und spricht für einen gesunden Wettbewerb.
            </p>
           </div>
          </div>
         </div>
         <div class="col-sm-1 hidden-xs">
         </div>
        </div>
        <div class="row row-spacer-50 -row-spacer-bottom-25">
         <div class="panel">
          <div class="panel-body">
           <div class="row">
            <div class="col-xs-12 col-sm-8 text-center-xs -row-spacer-50 -row-spacer-bottom-25">
             <span class="h4">
              <strong>
               Ranking schottische Single Malt
               <span class="hidden-sm">
                Whisky
               </span>
              </strong>
              <img alt="Bild vom Whisky-Ranking" class=" unveil img-rounded service-list" data-src="images/stars.jpg" height="60" src="images/loader.gif" title="Bild vom Whisky-Ranking" width="100"/>
             </span>
            </div>
            <div class="col-xs-12 col-sm-4 text-center row-spacer-10 -row-spacer-bottom-25">
             <a class="btn btn-info -pull-right" href="https://www.whisky-fox.de/ranking/single-malt/" title="Zum Ranking der schottischen Single Malt Whisky">
              Ranking
 								Scotch Single Malt
              <span class="glyphicon glyphicon-star">
              </span>
             </a>
            </div>
           </div>
          </div>
         </div>
        </div>
        <div class="row row-spacer-50 -row-spacer-bottom-25">
         <div class="col-xs-10 col-xs-offset-1 col-sm-10 col-sm-offset-1">
          <div class="scrollbox3 rank-height">
           <div class="boxi">
            <div class="products-border-a-enscroll text-center">
             <div class="-col-xs-4 text-center products-border img-rounded">
              <a href="https://www.whisky-fox.de/ardbeg-corryvreckan.html">
               <img alt="Ardbeg Corryvreckan 0,7 l" class="img-responsive unveil img-rounded listing-thumbnail" data-src="./images/Whisky/ardbeg-corryvreckan-2018-x.jpg" height="300" src="images/loader.gif" title="Ardbeg Corryvreckan 0,7 l" width="300"/>
              </a>
              <div class="products-title-grid pl">
               <a class="products-title" href="https://www.whisky-fox.de/ardbeg-corryvreckan.html">
                Ardbeg Corryvreckan
                <span class="text-nowrap">
                 0,7 l
                </span>
               </a>
              </div>
              <div>
               Position 1
               <br/>
               4,92 von 5
               <div class="star-rating rating-my rank-stars">
                <div class="rating-container rating-gly-star" data-content="">
                 <div class="rating-stars" data-content="" style="width: 98.38%;">
                 </div>
                </div>
               </div>
               <span class="small">
                12.452 Wertungen
               </span>
              </div>
              <div class="row-spacer-5">
               <span class="products-price-start">
                59,99EUR
               </span>
               <br/>
               <small>
                <span>
                 85,70EUR / Liter
                </span>
               </small>
               <br/>
               <span class="green">
                <span class="hidden-xs">
                 Sofort
                </span>
                Lieferbar
               </span>
              </div>
             </div>
            </div>
            <div class="products-border-a-enscroll text-center">
             <div class="-col-xs-4 text-center products-border img-rounded">
              <a href="https://www.whisky-fox.de/caol-ila-25.html">
               <img alt="Caol Ila 25 yo 0,7 l" class="img-responsive unveil img-rounded listing-thumbnail" data-src="./images/Whisky/caol-ila-25-x.jpg" height="300" src="images/loader.gif" title="Caol Ila 25 yo 0,7 l" width="300"/>
              </a>
              <div class="products-title-grid pl">
               <a class="products-title" href="https://www.whisky-fox.de/caol-ila-25.html">
                Caol Ila 25 yo
                <span class="text-nowrap">
                 0,7 l
                </span>
               </a>
              </div>
              <div>
               Position 2
               <br/>
               4,92 von 5
               <div class="star-rating rating-my rank-stars">
                <div class="rating-container rating-gly-star" data-content="">
                 <div class="rating-stars" data-content="" style="width: 98.36%;">
                 </div>
                </div>
               </div>
               <span class="small">
                4.225 Wertungen
               </span>
              </div>
              <div class="row-spacer-5">
               <span class="products-price-start">
                139,90EUR
               </span>
               <br/>
               <small>
                <span>
                 199,86EUR / Liter
                </span>
               </small>
               <br/>
               <span class="green">
                <span class="hidden-xs">
                 Sofort
                </span>
                Lieferbar
               </span>
              </div>
             </div>
            </div>
            <div class="products-border-a-enscroll text-center">
             <div class="-col-xs-4 text-center products-border img-rounded">
              <a href="https://www.whisky-fox.de/ardbeg-uigeadail.html">
               <img alt="Ardbeg Uigeadail 0,7 l" class="img-responsive unveil img-rounded listing-thumbnail" data-src="./images/Whisky/ardbeg-uigeadail-2018-x.jpg" height="300" src="images/loader.gif" title="Ardbeg Uigeadail 0,7 l" width="300"/>
              </a>
              <div class="products-title-grid pl">
               <a class="products-title" href="https://www.whisky-fox.de/ardbeg-uigeadail.html">
                Ardbeg Uigeadail
                <span class="text-nowrap">
                 0,7 l
                </span>
               </a>
              </div>
              <div>
               Position 3
               <br/>
               4,92 von 5
               <div class="star-rating rating-my rank-stars">
                <div class="rating-container rating-gly-star" data-content="">
                 <div class="rating-stars" data-content="" style="width: 98.34%;">
                 </div>
                </div>
               </div>
               <span class="small">
                28.932 Wertungen
               </span>
              </div>
              <div class="row-spacer-5">
               <span class="products-price-start">
                55,70EUR
               </span>
               <br/>
               <small>
                <span>
                 79,57EUR / Liter
                </span>
               </small>
               <br/>
               <span class="green">
                <span class="hidden-xs">
                 Sofort
                </span>
                Lieferbar
               </span>
              </div>
             </div>
            </div>
            <div class="products-border-a-enscroll text-center">
             <div class="-col-xs-4 text-center products-border img-rounded">
              <a href="https://www.whisky-fox.de/bunnahabhain-18.html">
               <img alt="Bunnahabhain 18 Jahre 0,7 l" class="img-responsive unveil img-rounded listing-thumbnail" data-src="./images/Whisky/bunnahabhain-18-2018-x.jpg" height="300" src="images/loader.gif" title="Bunnahabhain 18 Jahre 0,7 l" width="300"/>
              </a>
              <div class="products-title-grid pl">
               <a class="products-title" href="https://www.whisky-fox.de/bunnahabhain-18.html">
                Bunnahabhain 18 Jahre
                <span class="text-nowrap">
                 0,7 l
                </span>
               </a>
              </div>
              <div>
               Position 4
               <br/>
               4,54 von 5
               <div class="star-rating rating-my rank-stars">
                <div class="rating-container rating-gly-star" data-content="">
                 <div class="rating-stars" data-content="" style="width: 90.77%;">
                 </div>
                </div>
               </div>
               <span class="small">
                5.120 Wertungen
               </span>
              </div>
              <div class="row-spacer-5">
               <span class="products-price-start">
                117,90EUR
               </span>
               <br/>
               <small>
                <span>
                 168,43EUR / Liter
                </span>
               </small>
               <br/>
               <span class="red">
                Nicht Lieferbar
               </span>
              </div>
             </div>
            </div>
            <div class="products-border-a-enscroll text-center">
             <div class="-col-xs-4 text-center products-border img-rounded">
              <a href="https://www.whisky-fox.de/talisker-18.html">
               <img alt="Talisker 18 yo 0,7 l" class="img-responsive unveil img-rounded listing-thumbnail" data-src="./images/Whisky/talisker-18-x.jpg" height="300" src="images/loader.gif" title="Talisker 18 yo 0,7 l" width="300"/>
              </a>
              <div class="products-title-grid pl">
               <a class="products-title" href="https://www.whisky-fox.de/talisker-18.html">
                Talisker 18 yo
                <span class="text-nowrap">
                 0,7 l
                </span>
               </a>
              </div>
              <div>
               Position 5
               <br/>
               4,51 von 5
               <div class="star-rating rating-my rank-stars">
                <div class="rating-container rating-gly-star" data-content="">
                 <div class="rating-stars" data-content="" style="width: 90.16%;">
                 </div>
                </div>
               </div>
               <span class="small">
                20.704 Wertungen
               </span>
              </div>
              <div class="row-spacer-5">
               <span class="products-price-start">
                96,00EUR
               </span>
               <br/>
               <small>
                <span>
                 137,14EUR / Liter
                </span>
               </small>
               <br/>
               <span class="green">
                <span class="hidden-xs">
                 Sofort
                </span>
                Lieferbar
               </span>
              </div>
             </div>
            </div>
            <div class="products-border-a-enscroll text-center">
             <div class="-col-xs-4 text-center products-border img-rounded">
              <a href="https://www.whisky-fox.de/lagavulin-16.html">
               <img alt="Lagavulin 16 Jahre 0,7 l" class="img-responsive unveil img-rounded listing-thumbnail" data-src="./images/Whisky/lagavulin-16-x.jpg" height="300" src="images/loader.gif" title="Lagavulin 16 Jahre 0,7 l" width="300"/>
              </a>
              <div class="products-title-grid pl">
               <a class="products-title" href="https://www.whisky-fox.de/lagavulin-16.html">
                Lagavulin 16 Jahre
                <span class="text-nowrap">
                 0,7 l
                </span>
               </a>
              </div>
              <div>
               Position 6
               <br/>
               4,33 von 5
               <div class="star-rating rating-my rank-stars">
                <div class="rating-container rating-gly-star" data-content="">
                 <div class="rating-stars" data-content="" style="width: 86.66%;">
                 </div>
                </div>
               </div>
               <span class="small">
                44.387 Wertungen
               </span>
              </div>
              <div class="row-spacer-5">
               <span class="products-price-start">
                47,99EUR
               </span>
               <br/>
               <small>
                <span>
                 68,56EUR / Liter
                </span>
               </small>
               <br/>
               <span class="green">
                <span class="hidden-xs">
                 Sofort
                </span>
                Lieferbar
               </span>
              </div>
             </div>
            </div>
            <div class="products-border-a-enscroll text-center">
             <div class="-col-xs-4 text-center products-border img-rounded">
              <a href="https://www.whisky-fox.de/highland-park-18.html">
               <img alt="Highland Park 18 yo 0,7 l" class="img-responsive unveil img-rounded listing-thumbnail" data-src="./images/Whisky/highland-park-18-x.jpg" height="300" src="images/loader.gif" title="Highland Park 18 yo 0,7 l" width="300"/>
              </a>
              <div class="products-title-grid pl">
               <a class="products-title" href="https://www.whisky-fox.de/highland-park-18.html">
                Highland Park 18 yo
                <span class="text-nowrap">
                 0,7 l
                </span>
               </a>
              </div>
              <div>
               Position 7
               <br/>
               4,29 von 5
               <div class="star-rating rating-my rank-stars">
                <div class="rating-container rating-gly-star" data-content="">
                 <div class="rating-stars" data-content="" style="width: 85.83%;">
                 </div>
                </div>
               </div>
               <span class="small">
                14.936 Wertungen
               </span>
              </div>
              <div class="row-spacer-5">
               <span class="products-price-start">
                103,90EUR
               </span>
               <br/>
               <small>
                <span>
                 148,43EUR / Liter
                </span>
               </small>
               <br/>
               <span class="green">
                <span class="hidden-xs">
                 Sofort
                </span>
                Lieferbar
               </span>
              </div>
             </div>
            </div>
            <div class="products-border-a-enscroll text-center">
             <div class="-col-xs-4 text-center products-border img-rounded">
              <a href="https://www.whisky-fox.de/talisker-10.html">
               <img alt="Talisker 10 yo 0,7 l" class="img-responsive unveil img-rounded listing-thumbnail" data-src="./images/Whisky/talisker-10-x.jpg" height="300" src="images/loader.gif" title="Talisker 10 yo 0,7 l" width="300"/>
              </a>
              <div class="products-title-grid pl">
               <a class="products-title" href="https://www.whisky-fox.de/talisker-10.html">
                Talisker 10 yo
                <span class="text-nowrap">
                 0,7 l
                </span>
               </a>
              </div>
              <div>
               Position 8
               <br/>
               4,25 von 5
               <div class="star-rating rating-my rank-stars">
                <div class="rating-container rating-gly-star" data-content="">
                 <div class="rating-stars" data-content="" style="width: 84.98%;">
                 </div>
                </div>
               </div>
               <span class="small">
                35.971 Wertungen
               </span>
              </div>
              <div class="row-spacer-5">
               <del>
                30,40EUR
               </del>
               <span class="products-special-price-start">
                29,90EUR
               </span>
               <br/>
               <small>
                <span>
                 42,71EUR / Liter
                </span>
               </small>
               <br/>
               <span class="green">
                <span class="hidden-xs">
                 Sofort
                </span>
                Lieferbar
               </span>
              </div>
             </div>
            </div>
            <div class="products-border-a-enscroll text-center">
             <div class="-col-xs-4 text-center products-border img-rounded">
              <a href="https://www.whisky-fox.de/glenfarclas-25.html">
               <img alt="Glenfarclas 25 yo 0,7 l" class="img-responsive unveil img-rounded listing-thumbnail" data-src="./images/Whisky/glenfarclas-25-x.jpg" height="300" src="images/loader.gif" title="Glenfarclas 25 yo 0,7 l" width="300"/>
              </a>
              <div class="products-title-grid pl">
               <a class="products-title" href="https://www.whisky-fox.de/glenfarclas-25.html">
                Glenfarclas 25 yo
                <span class="text-nowrap">
                 0,7 l
                </span>
               </a>
              </div>
              <div>
               Position 9
               <br/>
               4,25 von 5
               <div class="star-rating rating-my rank-stars">
                <div class="rating-container rating-gly-star" data-content="">
                 <div class="rating-stars" data-content="" style="width: 84.95%;">
                 </div>
                </div>
               </div>
               <span class="small">
                7.299 Wertungen
               </span>
              </div>
              <div class="row-spacer-5">
               <span class="products-price-start">
                97,90EUR
               </span>
               <br/>
               <small>
                <span>
                 139,86EUR / Liter
                </span>
               </small>
               <br/>
               <span class="green">
                <span class="hidden-xs">
                 Sofort
                </span>
                Lieferbar
               </span>
              </div>
             </div>
            </div>
            <div class="products-border-a-enscroll text-center">
             <div class="-col-xs-4 text-center products-border img-rounded">
              <a href="https://www.whisky-fox.de/lagavulin-12-2016.html">
               <img alt="Lagavulin 12 Jahre 2016 Cask Strength 0,7 l" class="img-responsive unveil img-rounded listing-thumbnail" data-src="./images/Whisky/lagavulin-12-2016-cask-strength-x.jpg" height="300" src="images/loader.gif" title="Lagavulin 12 Jahre 2016 Cask Strength 0,7 l" width="300"/>
              </a>
              <div class="products-title-grid pl">
               <a class="products-title" href="https://www.whisky-fox.de/lagavulin-12-2016.html">
                Lagavulin 12 Jahre 2016 Cask Strength
                <span class="text-nowrap">
                 0,7 l
                </span>
               </a>
              </div>
              <div>
               Position 10
               <br/>
               4,23 von 5
               <div class="star-rating rating-my rank-stars">
                <div class="rating-container rating-gly-star" data-content="">
                 <div class="rating-stars" data-content="" style="width: 84.56%;">
                 </div>
                </div>
               </div>
               <span class="small">
                5.896 Wertungen
               </span>
              </div>
              <div class="row-spacer-5">
               <span class="products-price-start">
                96,10EUR
               </span>
               <br/>
               <small>
                <span>
                 137,29EUR / Liter
                </span>
               </small>
               <br/>
               <span class="red">
                Nicht Lieferbar
               </span>
              </div>
             </div>
            </div>
            <div class="products-border-a-enscroll text-center">
             <div class="-col-xs-4 text-center products-border img-rounded">
              <a href="https://www.whisky-fox.de/glendronach-18-allardice.html">
               <img alt="Glendronach 18 yo Allardice 0,7 l" class="img-responsive unveil img-rounded listing-thumbnail" data-src="./images/Whisky/glendronach-18-allardice-x.jpg" height="300" src="images/loader.gif" title="Glendronach 18 yo Allardice 0,7 l" width="300"/>
              </a>
              <div class="products-title-grid pl">
               <a class="products-title" href="https://www.whisky-fox.de/glendronach-18-allardice.html">
                Glendronach 18 yo Allardice
                <span class="text-nowrap">
                 0,7 l
                </span>
               </a>
              </div>
              <div>
               Position 11
               <br/>
               4,23 von 5
               <div class="star-rating rating-my rank-stars">
                <div class="rating-container rating-gly-star" data-content="">
                 <div class="rating-stars" data-content="" style="width: 84.52%;">
                 </div>
                </div>
               </div>
               <span class="small">
                3.540 Wertungen
               </span>
              </div>
              <div class="row-spacer-5">
               <span class="products-price-start">
                74,90EUR
               </span>
               <br/>
               <small>
                <span>
                 107,00EUR / Liter
                </span>
               </small>
               <br/>
               <span class="green">
                <span class="hidden-xs">
                 Sofort
                </span>
                Lieferbar
               </span>
              </div>
             </div>
            </div>
            <div class="products-border-a-enscroll text-center">
             <div class="-col-xs-4 text-center products-border img-rounded">
              <a href="https://www.whisky-fox.de/glenmorangie-nectar-d-or.html">
               <img alt="Glenmorangie Nectar d'Or 0,7 l" class="img-responsive unveil img-rounded listing-thumbnail" data-src="./images/Whisky/glenmorangie-nectar-d-or-12-x.jpg" height="300" src="images/loader.gif" title="Glenmorangie Nectar d'Or 0,7 l" width="300"/>
              </a>
              <div class="products-title-grid pl">
               <a class="products-title" href="https://www.whisky-fox.de/glenmorangie-nectar-d-or.html">
                Glenmorangie Nectar d'Or
                <span class="text-nowrap">
                 0,7 l
                </span>
               </a>
              </div>
              <div>
               Position 12
               <br/>
               4,21 von 5
               <div class="star-rating rating-my rank-stars">
                <div class="rating-container rating-gly-star" data-content="">
                 <div class="rating-stars" data-content="" style="width: 84.29%;">
                 </div>
                </div>
               </div>
               <span class="small">
                6.379 Wertungen
               </span>
              </div>
              <div class="row-spacer-5">
               <span class="products-price-start">
                49,70EUR
               </span>
               <br/>
               <small>
                <span>
                 71,00EUR / Liter
                </span>
               </small>
               <br/>
               <span class="green">
                <span class="hidden-xs">
                 Sofort
                </span>
                Lieferbar
               </span>
              </div>
             </div>
            </div>
           </div>
          </div>
         </div>
        </div>
        <div class="row -row-spacer-50 -row-spacer-bottom-25">
         <div class="col-xs-12 col-sm-2">
         </div>
         <div class="col-xs-12 col-sm-8 text-center row-spacer-50">
          <div class="panel">
           <div class="panel-body">
            <h2>
             Whisky Shop und die Charakteristik des Whisky
            </h2>
            In den einzelnen Produkt-Texten finden Sie kurze Beschreibungen
 						zum jeweiligen Whiskey. Darin wird das Tasting beschrieben, also
 						welcher
            <a class="intern" href="https://www.whisky-fox.de/whisky/geschmack/" title="">
             Geschmack
            </a>
            auf dem Gaumen zu spüren ist oder welches
 						Aroma der Whisky hat. Besonders erwähnenswert ist beim Tasting das
 						Finish, der Geschmackseindruck nach dem Trinken. In der
 						Umgangssprache auch Abgang genannt, wenn die Flüssigkeit den
 						Gaumenraum bereits verlassen hat. Zudem sind in den Produkt-Texten
 						auch subjektive Bewertungen unserer Kunden eingetragen.
            <p>
             An diesen Klassifizierungen kann sich jeder orientieren, bevor
 							Sie Ihren Whisky online kaufen. Auf diese Weise können Sie im
 							Whisky Shop nach Ihren bevorzugten Geschmacksrichtungen
 							ausschauen. Vom würzigen und fruchtigen Geschmack bis zum
 							rauchig-torfigen Whisky bieten wir im Whisky Shop eine
 							vielfältige Geschmackspalette.
            </p>
           </div>
          </div>
         </div>
         <div class="col-xs-12 col-sm-2">
         </div>
        </div>
        <div class="row row-spacer-40 row-spacer-bottom-25">
         <div class="col-xs-6 col-md-4 row-spacer-5">
          <a class="btn btn-default btn-block" href="https://www.whisky-fox.de/geschmack/torf/torfmonster/" title="Zum geschmacklichen Vergleich aller torfigen Whisky">
           Torfige
 					Whisky
           <span class="hidden-xs hidden-sm hidden-md">
            im
 						geschmacklichen Vergleich
           </span>
           <img alt="Bild vom Tastingglas" class=" unveil img-rounded service-list" data-src="images/taste.png" height="24" src="images/loader.gif" title="Bild vom Tastingglas" width="20"/>
          </a>
         </div>
         <div class="col-md-4 hidden-xs hidden-sm">
         </div>
         <div class="col-xs-6 col-md-4 row-spacer-5">
          <a class="btn btn-default btn-block" href="https://www.whisky-fox.de/geschmack/torf/ohne-torf/" title="Zum geschmacklichen Vergleich aller Whisky ohne Torf">
           Whisky
 					Ohne Torf
           <span class="hidden-xs hidden-sm hidden-md">
            im
 						geschmacklichen Vergleich
           </span>
           <img alt="Bild vom Tastingglas" class=" unveil img-rounded service-list" data-src="images/taste.png" height="24" src="images/loader.gif" title="Bild vom Tastingglas" width="20"/>
          </a>
         </div>
        </div>
        <div class="row row-spacer-20 row-spacer-bottom-25">
         <div class="col-xs-12 col-sm-1">
         </div>
         <div class="col-xs-12 col-sm-10 text-center">
          <img alt="Geschmackstabelle am Beispiel des Lagavulin 16" class=" unveil img-rounded " data-src="images/taste-lagavulin-16.jpg" height="356" src="images/loader.gif" title="Geschmackstabelle am Beispiel des Lagavulin 16" width="600"/>
         </div>
         <div class="col-xs-12 col-sm-1">
         </div>
        </div>
        <div class="row row-spacer-60 -row-spacer-bottom-25">
         <div class="panel">
          <div class="panel-body">
           <div class="col-xs-12 col-sm-12 text-center -row-spacer-50 row-spacer-bottom-25">
            <span class="h3">
             <strong>
              Neue Whisky
             </strong>
             <span class="glyphicon glyphicon-sunglasses gi-2x">
             </span>
            </span>
           </div>
          </div>
         </div>
        </div>
        <div class="row row-spacer-50 -row-spacer-bottom-25">
         <div class="col-xs-10 col-xs-offset-1 col-sm-10 col-sm-offset-1">
          <div class="scrollbox3 ">
           <div class="boxi">
            <div class="products-border-a-enscroll text-center">
             <div class="-col-xs-4 text-center products-border img-rounded">
              <a href="https://www.whisky-fox.de/the-spirit-of-st-kilian.html">
               <img alt="The Spirit of St. Kilian 0,35 l Batch 4" class="img-responsive unveil img-rounded listing-thumbnail" data-src="./images/Whisky/the-spirit-of-st-kilian-35cl-x.jpg" height="300" src="images/loader.gif" title="The Spirit of St. Kilian 0,35 l Batch 4" width="300"/>
              </a>
              <div>
               <div class="star-rating rating-my rank-stars">
                <div class="rating-container rating-gly-star" data-content="">
                 <div class="rating-stars" data-content="" style="width: 0%;">
                 </div>
                </div>
               </div>
               <span class="small">
                Ohne Wertung
               </span>
              </div>
              <div class="products-title-grid pl">
               <a class="products-title" href="https://www.whisky-fox.de/the-spirit-of-st-kilian.html">
                The Spirit of St. Kilian 0,35 l Batch 4
               </a>
              </div>
              <div class="row-spacer-5">
               <span class="products-price-start">
                21,90EUR
               </span>
               <br/>
               <small>
                <span>
                 62,57EUR / Liter
                </span>
               </small>
               <br/>
               <span class="green">
                <span class="hidden-xs">
                 Sofort
                </span>
                Lieferbar
               </span>
              </div>
             </div>
            </div>
            <div class="products-border-a-enscroll text-center">
             <div class="-col-xs-4 text-center products-border img-rounded">
              <a href="https://www.whisky-fox.de/knockando-12.html">
               <img alt="Knockando 12 Jahre 0,7 l" class="img-responsive unveil img-rounded listing-thumbnail" data-src="./images/Whisky/knockando-12-x.jpg" height="300" src="images/loader.gif" title="Knockando 12 Jahre 0,7 l" width="300"/>
              </a>
              <div>
               <div class="star-rating rating-my rank-stars">
                <div class="rating-container rating-gly-star" data-content="">
                 <div class="rating-stars" data-content="" style="width: 61.83%;">
                 </div>
                </div>
               </div>
               <span class="small">
                3,09 von 5
               </span>
              </div>
              <div class="products-title-grid pl">
               <a class="products-title" href="https://www.whisky-fox.de/knockando-12.html">
                Knockando 12 Jahre
                <span class="text-nowrap">
                 0,7 l
                </span>
               </a>
              </div>
              <div class="row-spacer-5">
               <span class="products-price-start">
                27,90EUR
               </span>
               <br/>
               <small>
                <span>
                 39,86EUR / Liter
                </span>
               </small>
               <br/>
               <span class="green">
                <span class="hidden-xs">
                 Sofort
                </span>
                Lieferbar
               </span>
              </div>
             </div>
            </div>
            <div class="products-border-a-enscroll text-center">
             <div class="-col-xs-4 text-center products-border img-rounded">
              <a href="https://www.whisky-fox.de/longrow-13-2003-2017-sherry.html">
               <img alt="Longrow 13 Jahre 2003 2017 Sherry 0,7 l" class="img-responsive unveil img-rounded listing-thumbnail" data-src="./images/Whisky/longrow-13-2003-2017-sherry-x.jpg" height="300" src="images/loader.gif" title="Longrow 13 Jahre 2003 2017 Sherry 0,7 l" width="300"/>
              </a>
              <div>
               <div class="star-rating rating-my rank-stars">
                <div class="rating-container rating-gly-star" data-content="">
                 <div class="rating-stars" data-content="" style="width: 0%;">
                 </div>
                </div>
               </div>
               <span class="small">
                Ohne Wertung
               </span>
              </div>
              <div class="products-title-grid pl">
               <a class="products-title" href="https://www.whisky-fox.de/longrow-13-2003-2017-sherry.html">
                Longrow 13 Jahre 2003 2017 Sherry
                <span class="text-nowrap">
                 0,7 l
                </span>
               </a>
              </div>
              <div class="row-spacer-5">
               <span class="products-price-start">
                168,90EUR
               </span>
               <br/>
               <small>
                <span>
                 241,29EUR / Liter
                </span>
               </small>
               <br/>
               <span class="green">
                <span class="hidden-xs">
                 Sofort
                </span>
                Lieferbar
               </span>
              </div>
             </div>
            </div>
            <div class="products-border-a-enscroll text-center">
             <div class="-col-xs-4 text-center products-border img-rounded">
              <a href="https://www.whisky-fox.de/port-charlotte-10.html">
               <img alt="Port Charlotte 10 Jahre 0,7 l" class="img-responsive unveil img-rounded listing-thumbnail" data-src="./images/Whisky/port-charlotte-10-2018-x.jpg" height="300" src="images/loader.gif" title="Port Charlotte 10 Jahre 0,7 l" width="300"/>
              </a>
              <div>
               <div class="star-rating rating-my rank-stars">
                <div class="rating-container rating-gly-star" data-content="">
                 <div class="rating-stars" data-content="" style="width: 75.22%;">
                 </div>
                </div>
               </div>
               <span class="small">
                3,76 von 5
               </span>
              </div>
              <div class="products-title-grid pl">
               <a class="products-title" href="https://www.whisky-fox.de/port-charlotte-10.html">
                Port Charlotte 10 Jahre
                <span class="text-nowrap">
                 0,7 l
                </span>
               </a>
              </div>
              <div class="row-spacer-5">
               <span class="products-price-start">
                48,40EUR
               </span>
               <br/>
               <small>
                <span>
                 69,14EUR / Liter
                </span>
               </small>
               <br/>
               <span class="green">
                <span class="hidden-xs">
                 Sofort
                </span>
                Lieferbar
               </span>
              </div>
             </div>
            </div>
            <div class="products-border-a-enscroll text-center">
             <div class="-col-xs-4 text-center products-border img-rounded">
              <a href="https://www.whisky-fox.de/bunnahabhain-1988-2011-23-duncan-taylor.html">
               <img alt="Bunnahabhain 1988 2011 23 Jahre Duncan Taylor 0,7 l" class="img-responsive unveil img-rounded listing-thumbnail" data-src="./images/Whisky/bunnahabhain-1988-2011-22-duncan-taylor-x.jpg" height="300" src="images/loader.gif" title="Bunnahabhain 1988 2011 23 Jahre Duncan Taylor 0,7 l" width="300"/>
              </a>
              <div>
               <div class="star-rating rating-my rank-stars">
                <div class="rating-container rating-gly-star" data-content="">
                 <div class="rating-stars" data-content="" style="width: 0%;">
                 </div>
                </div>
               </div>
               <span class="small">
                Ohne Wertung
               </span>
              </div>
              <div class="products-title-grid pl">
               <a class="products-title" href="https://www.whisky-fox.de/bunnahabhain-1988-2011-23-duncan-taylor.html">
                Bunnahabhain 1988 2011 23 Jahre Duncan Taylor
                <span class="text-nowrap">
                 0,7 l
                </span>
               </a>
              </div>
              <div class="row-spacer-5">
               <span class="products-price-start">
                280,00EUR
               </span>
               <br/>
               <small>
                <span>
                 400,00EUR / Liter
                </span>
               </small>
               <br/>
               <span class="green">
                <span class="hidden-xs">
                 Sofort
                </span>
                Lieferbar
               </span>
              </div>
             </div>
            </div>
            <div class="products-border-a-enscroll text-center">
             <div class="-col-xs-4 text-center products-border img-rounded">
              <a href="https://www.whisky-fox.de/glenfarclas-1995-2018-oloroso.html">
               <img alt="Glenfarclas 1995 2018 Oloroso Sherry 0,7 l" class="img-responsive unveil img-rounded listing-thumbnail" data-src="./images/Whisky/glenfarclas-1995-2018-oloroso-x.jpg" height="300" src="images/loader.gif" title="Glenfarclas 1995 2018 Oloroso Sherry 0,7 l" width="300"/>
              </a>
              <div>
               <div class="star-rating rating-my rank-stars">
                <div class="rating-container rating-gly-star" data-content="">
                 <div class="rating-stars" data-content="" style="width: 0%;">
                 </div>
                </div>
               </div>
               <span class="small">
                Ohne Wertung
               </span>
              </div>
              <div class="products-title-grid pl">
               <a class="products-title" href="https://www.whisky-fox.de/glenfarclas-1995-2018-oloroso.html">
                Glenfarclas 1995 2018 Oloroso Sherry
                <span class="text-nowrap">
                 0,7 l
                </span>
               </a>
              </div>
              <div class="row-spacer-5">
               <span class="products-price-start">
                72,90EUR
               </span>
               <br/>
               <small>
                <span>
                 104,14EUR / Liter
                </span>
               </small>
               <br/>
               <span class="green">
                <span class="hidden-xs">
                 Sofort
                </span>
                Lieferbar
               </span>
              </div>
             </div>
            </div>
            <div class="products-border-a-enscroll text-center">
             <div class="-col-xs-4 text-center products-border img-rounded">
              <a href="https://www.whisky-fox.de/macallan-edition-no-4.html">
               <img alt="The Macallan Edition No 4 0,7 l" class="img-responsive unveil img-rounded listing-thumbnail" data-src="./images/Whisky/the-macallan-edition-4-x.jpg" height="300" src="images/loader.gif" title="The Macallan Edition No 4 0,7 l" width="300"/>
              </a>
              <div>
               <div class="star-rating rating-my rank-stars">
                <div class="rating-container rating-gly-star" data-content="">
                 <div class="rating-stars" data-content="" style="width: 0%;">
                 </div>
                </div>
               </div>
               <span class="small">
                Ohne Wertung
               </span>
              </div>
              <div class="products-title-grid pl">
               <a class="products-title" href="https://www.whisky-fox.de/macallan-edition-no-4.html">
                The Macallan Edition No 4
                <span class="text-nowrap">
                 0,7 l
                </span>
               </a>
              </div>
              <div class="row-spacer-5">
               <span class="products-price-start">
                149,90EUR
               </span>
               <br/>
               <small>
                <span>
                 214,14EUR / Liter
                </span>
               </small>
               <br/>
               <span class="green">
                <span class="hidden-xs">
                 Sofort
                </span>
                Lieferbar
               </span>
              </div>
             </div>
            </div>
            <div class="products-border-a-enscroll text-center">
             <div class="-col-xs-4 text-center products-border img-rounded">
              <a href="https://www.whisky-fox.de/strathisla-2006-2017-gordon-macphail.html">
               <img alt="Strathisla 2006 2017 Gordon &amp; MacPhail 0,7 l" class="img-responsive unveil img-rounded listing-thumbnail" data-src="./images/Whisky/strathisla-2005-2016-gordon-macphail-x.jpg" height="300" src="images/loader.gif" title="Strathisla 2006 2017 Gordon &amp; MacPhail 0,7 l" width="300"/>
              </a>
              <div>
               <div class="star-rating rating-my rank-stars">
                <div class="rating-container rating-gly-star" data-content="">
                 <div class="rating-stars" data-content="" style="width: 0%;">
                 </div>
                </div>
               </div>
               <span class="small">
                Ohne Wertung
               </span>
              </div>
              <div class="products-title-grid pl">
               <a class="products-title" href="https://www.whisky-fox.de/strathisla-2006-2017-gordon-macphail.html">
                Strathisla 2006 2017 Gordon &amp; MacPhail
                <span class="text-nowrap">
                 0,7 l
                </span>
               </a>
              </div>
              <div class="row-spacer-5">
               <span class="products-price-start">
                42,80EUR
               </span>
               <br/>
               <small>
                <span>
                 61,14EUR / Liter
                </span>
               </small>
               <br/>
               <span class="green">
                <span class="hidden-xs">
                 Sofort
                </span>
                Lieferbar
               </span>
              </div>
             </div>
            </div>
            <div class="products-border-a-enscroll text-center">
             <div class="-col-xs-4 text-center products-border img-rounded">
              <a href="https://www.whisky-fox.de/benriach-2006-2017-10-px-puncheon.html">
               <img alt="BenRiach 2006 2017 10 Jahre PX Puncheon 0,7 l" class="img-responsive unveil img-rounded listing-thumbnail" data-src="./images/Whisky/benriach-2006-2017-10-px-puncheon-x.jpg" height="300" src="images/loader.gif" title="BenRiach 2006 2017 10 Jahre PX Puncheon 0,7 l" width="300"/>
              </a>
              <div>
               <div class="star-rating rating-my rank-stars">
                <div class="rating-container rating-gly-star" data-content="">
                 <div class="rating-stars" data-content="" style="width: 0%;">
                 </div>
                </div>
               </div>
               <span class="small">
                Ohne Wertung
               </span>
              </div>
              <div class="products-title-grid pl">
               <a class="products-title" href="https://www.whisky-fox.de/benriach-2006-2017-10-px-puncheon.html">
                BenRiach 2006 2017 10 Jahre PX Puncheon
                <span class="text-nowrap">
                 0,7 l
                </span>
               </a>
              </div>
              <div class="row-spacer-5">
               <span class="products-price-start">
                97,90EUR
               </span>
               <br/>
               <small>
                <span>
                 139,86EUR / Liter
                </span>
               </small>
               <br/>
               <span class="green">
                <span class="hidden-xs">
                 Sofort
                </span>
                Lieferbar
               </span>
              </div>
             </div>
            </div>
            <div class="products-border-a-enscroll text-center">
             <div class="-col-xs-4 text-center products-border img-rounded">
              <a href="https://www.whisky-fox.de/port-charlotte-islay-barley-2011.html">
               <img alt="Port Charlotte Islay Barley 2011 0,7 l" class="img-responsive unveil img-rounded listing-thumbnail" data-src="./images/Whisky/port-charlotte-islay-barley-2011-x.jpg" height="300" src="images/loader.gif" title="Port Charlotte Islay Barley 2011 0,7 l" width="300"/>
              </a>
              <div>
               <div class="star-rating rating-my rank-stars">
                <div class="rating-container rating-gly-star" data-content="">
                 <div class="rating-stars" data-content="" style="width: 75.22%;">
                 </div>
                </div>
               </div>
               <span class="small">
                3,76 von 5
               </span>
              </div>
              <div class="products-title-grid pl">
               <a class="products-title" href="https://www.whisky-fox.de/port-charlotte-islay-barley-2011.html">
                Port Charlotte Islay Barley 2011
                <span class="text-nowrap">
                 0,7 l
                </span>
               </a>
              </div>
              <div class="row-spacer-5">
               <span class="products-price-start">
                52,90EUR
               </span>
               <br/>
               <small>
                <span>
                 75,57EUR / Liter
                </span>
               </small>
               <br/>
               <span class="green">
                <span class="hidden-xs">
                 Sofort
                </span>
                Lieferbar
               </span>
              </div>
             </div>
            </div>
            <div class="products-border-a-enscroll text-center">
             <div class="-col-xs-4 text-center products-border img-rounded">
              <a href="https://www.whisky-fox.de/deanston-14-organic.html">
               <img alt="Deanston 14 Jahre Organic 0,7 l" class="img-responsive unveil img-rounded listing-thumbnail" data-src="./images/Whisky/deanston-14-unchillfiltered-x.jpg" height="300" src="images/loader.gif" title="Deanston 14 Jahre Organic 0,7 l" width="300"/>
              </a>
              <div>
               <div class="star-rating rating-my rank-stars">
                <div class="rating-container rating-gly-star" data-content="">
                 <div class="rating-stars" data-content="" style="width: 59.61%;">
                 </div>
                </div>
               </div>
               <span class="small">
                2,98 von 5
               </span>
              </div>
              <div class="products-title-grid pl">
               <a class="products-title" href="https://www.whisky-fox.de/deanston-14-organic.html">
                Deanston 14 Jahre Organic
                <span class="text-nowrap">
                 0,7 l
                </span>
               </a>
              </div>
              <div class="row-spacer-5">
               <span class="products-price-start">
                69,99EUR
               </span>
               <br/>
               <small>
                <span>
                 99,99EUR / Liter
                </span>
               </small>
               <br/>
               <span class="green">
                <span class="hidden-xs">
                 Sofort
                </span>
                Lieferbar
               </span>
              </div>
             </div>
            </div>
            <div class="products-border-a-enscroll text-center">
             <div class="-col-xs-4 text-center products-border img-rounded">
              <a href="https://www.whisky-fox.de/edradour-2008-2018-10-signatory-cask-50.html">
               <img alt="Edradour 2008 2018 10 Signatory Cask 50 0,7 l" class="img-responsive unveil img-rounded listing-thumbnail" data-src="./images/Whisky/edradour-2007-2017-10-signatory-x.jpg" height="300" src="images/loader.gif" title="Edradour 2008 2018 10 Signatory Cask 50 0,7 l" width="300"/>
              </a>
              <div>
               <div class="star-rating rating-my rank-stars">
                <div class="rating-container rating-gly-star" data-content="">
                 <div class="rating-stars" data-content="" style="width: 0%;">
                 </div>
                </div>
               </div>
               <span class="small">
                Ohne Wertung
               </span>
              </div>
              <div class="products-title-grid pl">
               <a class="products-title" href="https://www.whisky-fox.de/edradour-2008-2018-10-signatory-cask-50.html">
                Edradour 2008 2018 10 Signatory Cask 50
                <span class="text-nowrap">
                 0,7 l
                </span>
               </a>
              </div>
              <div class="row-spacer-5">
               <span class="products-price-start">
                44,99EUR
               </span>
               <br/>
               <small>
                <span>
                 64,27EUR / Liter
                </span>
               </small>
               <br/>
               <span class="green">
                <span class="hidden-xs">
                 Sofort
                </span>
                Lieferbar
               </span>
              </div>
             </div>
            </div>
           </div>
          </div>
         </div>
        </div>
        <div class="col-xs-12 col-sm-12 text-center row-spacer-60 row-spacer-bottom-25">
         <p class="h5">
          Shoppen
          <span class="glyphicon glyphicon-plus">
          </span>
          Lesen
         </p>
        </div>
        <div class="row row-spacer-60 row-spacer-bottom-25">
         <div class="col-xs-12 col-sm-1 col-lg-2">
         </div>
         <div class="col-xs-12 col-sm-10 col-lg-8 text-center -row-spacer-50">
          <div class="panel">
           <div class="panel-body">
            <h3>
             Whisky Shop und der Scotch
            </h3>
            Ein besonderes Sortiment im Online Shop bildet die Rubrik Scotch
 						Whisky. Seine Tradition und die Erfahrung bei der Herstellung
 						verschiedener Sorten ist absolut einzigartig. Kaum eine andere
 						Whisky Sorte ist unter Kennern und Einsteigern so beliebt wie der
 						Scotch. Viele Whisky Kenner sind seit ihrer ersten Schottland
 						Reise treue Fans des Scotchs. Andere sind durch das Probieren
 						verschiedener Sorten beim Scotch geblieben.
            <p>
             Daher führen wir im Whisky Shop eine große Auswahl an Scotch
 							Whisky. Dazu gehören Abfüllungen aus allen Regionen Schottlands,
 							von den Highlands bis zu den Whisky Sorten von den Inseln können
 							Sie aus einem reichhaltigen Angebot auswählen. Sie finden bei
 							Whisky – Fox insbesondere die Single Malt Whisky, die aus
 							Destillaten aus genau einer Brennerei entstehen. Aber auch die
 							Blended Scotch Whisky sind inzwischen in großer Varianz und
 							Diversität im Shop zu finden.
            </p>
           </div>
          </div>
         </div>
         <div class="col-xs-12 col-sm-1 col-lg-2">
         </div>
        </div>
        <div class="row row-spacer-50 row-spacer-bottom-25">
         <div class="col-xs-12 col-sm-1 col-lg-2">
         </div>
         <div class="col-xs-12 col-sm-10 col-lg-8 text-center row-spacer-50">
          <div class="panel">
           <div class="panel-body">
            <h3>
             Whisky Shop mit speziellen Sorten
            </h3>
            Im Sortiment finden Sie auch sehr ausgeprägte Whiskey Marken.
 						Besonders die Single Cask zählen zu den sehr exklusiven Sorten, da
 						die Brennerei bei der Lagerung nur einzelne Fässer verwenden.
 						Dadurch ist der Whisky sehr individuell und erreicht beinah den
 						Alkoholgehalt in Fass-Stärke, also über 50 Prozent Alkohol.
 						Einsteiger sollten allerdings mildere Sorten ab 40 Prozent
 						bevorzugen. Ebenso bemerkenswert sind die Marken mit jahrelanger
 						Reifung, da ein Whiskey mit über 10 Jahre Lagerung im Fass
 						besonders qualitativ ist.
            <p>
             Da die Vielfalt der Erzeugnisse nicht immer genau zuzuordnen
 							ist, haben wir auch dafür eine einzelne Rubrik. Unter „Mystery“
 							finden Sie eine bunte Auswahl. Probieren Sie einfach einmal
 							unsere unterschiedlichen Sorten und informieren Sie sich in den
 							Produktbeschreibungen über die verschiedenen
 							Geschmacksrichtungen. Unser Whisky Shop bietet die passende
 							Auswahl für die Suche nach dem richtigen Whiskey.
            </p>
           </div>
          </div>
         </div>
         <div class="col-xs-12 col-sm-1 col-lg-2">
         </div>
        </div>
       </div>
      </div>
     </div>
     <!-- bodyContent -->
    </div>
    <!-- row -->
    <div class="footer" role="footer">
     <div class="row">
      <div class="col-sm-12 row-spacer-25">
       <div class="panel panel-success expand">
        <div class="panel-heading">
         <strong>
          <big>
           Wir helfen gerne weiter
          </big>
         </strong>
        </div>
       </div>
       <div class="text-center">
        <p>
         Anfragen per Telefon
         <br/>
         <big>
          <strong>
           +49 (0)5902 / 949 39 09
          </strong>
         </big>
         <br/>
         Fax:
 			+49 (0)5902 / 949 39 10
        </p>
        <br/>
        <p>
         Anfragen per Email
         <br/>
         <big>
          <strong>
           <a href="mailto:info@whisky-fox.de">
            info@whisky-fox.de
           </a>
          </strong>
         </big>
        </p>
        <br/>
        <p>
         Anfragen per Formular
         <br/>
         <a class="btn btn-default" href="https://www.whisky-fox.de/contact_us.php" role="button">
          Zum Kontakt - Formular
         </a>
        </p>
       </div>
      </div>
      <div class="col-sm-12 row-spacer-60">
       <div class="panel panel-default text-center expand">
        <div class="panel-heading">
         <strong>
          Whisky - Fox
         </strong>
        </div>
       </div>
       <div class="text-center">
        <address>
         Dipl. Inf. Christian Focks
         <br/>
         Westendorfer Str. 4
         <br/>
         49832 Freren
         <br/>
         Deutschland
        </address>
       </div>
      </div>
      <div class="col-sm-12 row-spacer-25">
       <div class="text-center">
        <a class="btn btn-default" href="https://www.whisky-fox.de/impressum.php">
         Impressum
        </a>
        <a class="btn btn-default" href="https://www.whisky-fox.de/conditions.php">
         AGB
        </a>
        <a class="btn btn-default" href="https://www.whisky-fox.de/widerrufsrecht.php">
         Widerrufsrecht
        </a>
        <a class="btn btn-default" href="https://www.whisky-fox.de/shipping.php">
         Versand
        </a>
        <a class="btn btn-default" href="https://www.whisky-fox.de/payments.php">
         Bezahlung
        </a>
       </div>
       <div class="text-center row-spacer-25">
        <p>
         * Alle Preise inkl. MwSt. evtl. zzgl. Versand
        </p>
        <p>
         <big>
          <strong>
           Wir beliefern ausschließlich Personen, die wenigstens 18
 					Jahre alt sind.
          </strong>
         </big>
        </p>
        <p>
         <a class="btn btn-default" href="http://www.jugendschutzprogramm.de/download" role="button" target="_blank">
          <img alt="" class="img-responsive unveil img-rounded " data-src="images/jugendschutz-download.jpg" height="28" src="images/loader.gif" width="140"/>
         </a>
        </p>
        <p>
         <br/>
         Wir versenden mit DHL
        </p>
       </div>
      </div>
     </div>
    </div>
   </div>
   <!-- bodyWrapper //-->
   <a class="btn btn-info back-to-top-l scroll-top hidden-xs hidden-sm" href="#">
    <span aria-hidden="true" class="glyphicon glyphicon-chevron-up">
    </span>
   </a>
   <a class="btn btn-info back-to-top-r scroll-top hidden-xs hidden-sm" href="#">
    <span aria-hidden="true" class="glyphicon glyphicon-chevron-up">
    </span>
   </a>
   <script src="//ajax.googleapis.com/ajax/libs/jquery/1.11.1/jquery.min.js">
   </script>
   <script>
    (function(i,s,o,g,r,a,m){i['GoogleAnalyticsObject']=r;i[r]=i[r]||function(){
           (i[r].q=i[r].q||[]).push(arguments)},i[r].l=1*new Date();a=s.createElement(o),
           m=s.getElementsByTagName(o)[0];a.async=1;a.src=g;m.parentNode.insertBefore(a,m)
       })(window,document,'script','https://www.google-analytics.com/analytics.js','ga');
       
       ga('create', 'UA-90781437-1', 'auto');
       ga('set', 'anonymizeIp', true);
       ga('send', 'pageview');
   </script>
   <script src="ext/bootstrap/js/bootstrap.min.js">
   </script>
   <script src="ext/fx/fx.js">
   </script>
   <script src="ext/js/enscroll-0.6.2.min.js">
   </script>
   <script>
    $(document).ready(function() {
 		$('.scrollbox3').enscroll({
 		    showOnHover: false,
 		    horizontalScrolling: true,
 		    verticalScrolling: false,
 		    horizontalTrackClass: 'track3',
 		    horizontalHandleClass: 'handle3'
 		});
 		$('.scrollboxnav').enscroll({
 			addPaddingToPane: false,
 		    showOnHover: true,
 		    horizontalScrolling: false,
 		    verticalScrolling: true,
 		    verticalTrackClass: 'trackv',
 		    verticalHandleClass: 'handlev'
 		});		
 	});
   </script>
  </body>
 </html>
